<?xml version="1.0" encoding="UTF-8"?>
<!DOCTYPE html PUBLIC "-//W3C//DTD XHTML 1.0 Transitional//EN"
    "http://www.w3.org/TR/xhtml1/DTD/xhtml1-transitional.dtd">
<html xmlns="http://www.w3.org/1999/xhtml" xml:lang="en" lang="en">
 <head>
  <title>
</title>
<meta http-equiv="Content-Type" content="text/html;charset=utf-8" />
  <meta name='ocr-system' content='tesseract 3.04.00' />
  <meta name='ocr-capabilities' content='ocr_page ocr_carea ocr_par ocr_line ocrx_word'/>
</head>
<body>
  <div class='ocr_page' id='page_1' title='image "./diplomataetstat01britgoog_0017.png"; bbox 0 0 3825 5234; ppageno 0'>
   <div class='ocr_carea' id='block_1_1' title="bbox 459 359 1715 500">
    <p class='ocr_par' dir='ltr' id='par_1_1' title="bbox 459 359 1715 500">
     <span class='ocr_line' id='line_1_1' title="bbox 459 359 1715 500; baseline 0.002 -54"><span class='ocrx_word' id='word_1_1' title='bbox 459 359 1715 500; x_wconf 66' lang='lat' dir='ltr'>ennaremus,</span> 
     </span>
    </p>
   </div>
   <div class='ocr_carea' id='block_1_2' title="bbox 26 475 1529 2564">
    <p class='ocr_par' dir='ltr' id='par_1_2' title="bbox 118 475 1524 1708">
     <span class='ocr_line' id='line_1_2' title="bbox 126 475 1524 636; baseline 0.004 -32.032"><span class='ocrx_word' id='word_1_2' title='bbox 126 475 361 606; x_wconf 75' lang='lat' dir='ltr'>enillentem</span> <span class='ocrx_word' id='word_1_3' title='bbox 378 547 508 604; x_wconf 89' lang='lat' dir='ltr'>unum</span> <span class='ocrx_word' id='word_1_4' title='bbox 523 521 598 604; x_wconf 86' lang='lat' dir='ltr'>effe</span> <span class='ocrx_word' id='word_1_5' title='bbox 613 523 820 636; x_wconf 88' lang='lat' dir='ltr'>volumus)</span> <span class='ocrx_word' id='word_1_6' title='bbox 841 551 973 604; x_wconf 90' lang='lat' dir='ltr'>unum</span> <span class='ocrx_word' id='word_1_7' title='bbox 993 521 1117 604; x_wconf 83' lang='lat' dir='ltr'>alium</span> <span class='ocrx_word' id='word_1_8' title='bbox 1135 521 1199 602; x_wconf 88' lang='lat' dir='ltr'>vel</span> <span class='ocrx_word' id='word_1_9' title='bbox 1216 519 1346 629; x_wconf 83' lang='lat' dir='ltr'>plnres</span> <span class='ocrx_word' id='word_1_10' title='bbox 1364 521 1524 609; x_wconf 80' lang='lat' dir='ltr'>aliosde</span> 
     </span>
     <span class='ocr_line' id='line_1_3' title="bbox 103 653 1521 768; baseline 0 -33"><span class='ocrx_word' id='word_1_11' title='bbox 103 657 336 744; x_wconf 62' lang='lat' dir='ltr'>»Sodalibus</span> <span class='ocrx_word' id='word_1_12' title='bbox 355 657 735 768; x_wconf 64' lang='lat' dir='ltr'>negelntmciesatis</span> <span class='ocrx_word' id='word_1_13' title='bbox 749 657 981 766; x_wconf 75' lang='lat' dir='ltr'>praedidlae,</span> <span class='ocrx_word' id='word_1_14' title='bbox 1010 658 1101 739; x_wconf 90' lang='lat' dir='ltr'>loco</span> <span class='ocrx_word' id='word_1_15' title='bbox 1118 653 1195 756; x_wconf 79' lang='lat' dir='ltr'>sne</span> <span class='ocrx_word' id='word_1_16' title='bbox 1214 655 1311 738; x_wconf 80' lang='lat' dir='ltr'>locis</span> <span class='ocrx_word' id='word_1_17' title='bbox 1322 655 1441 763; x_wconf 76' lang='lat' dir='ltr'>ipsos</span> <span class='ocrx_word' id='word_1_18' title='bbox 1458 655 1521 736; x_wconf 81' lang='lat' dir='ltr'>vel</span> 
     </span>
     <span class='ocr_line' id='line_1_4' title="bbox 122 789 1520 900; baseline -0.002 -25"><span class='ocrx_word' id='word_1_19' title='bbox 122 793 390 899; x_wconf 64' lang='lat' dir='ltr'>-ipsornm&#39;std</span> <span class='ocrx_word' id='word_1_20' title='bbox 402 811 665 882; x_wconf 79' lang='lat' dir='ltr'>mortuorum</span> <span class='ocrx_word' id='word_1_21' title='bbox 690 793 967 883; x_wconf 65' lang='lat' dir='ltr'>decedentium</span> <span class='ocrx_word' id='word_1_22' title='bbox 994 793 1059 872; x_wconf 85' lang='lat' dir='ltr'>vel</span> <span class='ocrx_word' id='word_1_23' title='bbox 1083 811 1325 888; x_wconf 78' lang='lat' dir='ltr'>amatorum,</span> <span class='ocrx_word' id='word_1_24' title='bbox 1355 791 1403 872; x_wconf 82' lang='lat' dir='ltr'>ad</span> <span class='ocrx_word' id='word_1_25' title='bbox 1430 789 1520 900; x_wconf 80' lang='lat' dir='ltr'>sup·</span> 
     </span>
     <span class='ocr_line' id='line_1_5' title="bbox 120 925 1521 1038; baseline -0.003 -28"><span class='ocrx_word' id='word_1_26' title='bbox 120 928 319 1034; x_wconf 83' lang='lat' dir='ltr'>:plendnm</span> <span class='ocrx_word' id='word_1_27' title='bbox 344 929 594 1038; x_wconf 69' lang='lat' dir='ltr'>&#39;praedictum</span> <span class='ocrx_word' id='word_1_28' title='bbox 612 955 826 1010; x_wconf 86' lang='lat' dir='ltr'>numerum</span> <span class='ocrx_word' id='word_1_29' title='bbox 837 928 981 1036; x_wconf 84' lang='lat' dir='ltr'>viginti</span> <span class='ocrx_word' id='word_1_30' title='bbox 998 945 1039 1006; x_wconf 91' lang='lat' dir='ltr'>et</span> <span class='ocrx_word' id='word_1_31' title='bbox 1058 926 1179 1006; x_wconf 85' lang='lat' dir='ltr'>nnius</span> <span class='ocrx_word' id='word_1_32' title='bbox 1196 925 1447 1033; x_wconf 87' lang='lat' dir='ltr'>personarum</span> <span class='ocrx_word' id='word_1_33' title='bbox 1472 928 1521 1006; x_wconf 88' lang='lat' dir='ltr'>de</span> 
     </span>
     <span class='ocr_line' id='line_1_6' title="bbox 118 1061 1520 1172; baseline -0.003 -28"><span class='ocrx_word' id='word_1_34' title='bbox 118 1063 312 1146; x_wconf 76' lang='lat' dir='ltr'>tConcilio</span> <span class='ocrx_word' id='word_1_35' title='bbox 329 1064 491 1172; x_wconf 81' lang='lat' dir='ltr'>Regalis</span> <span class='ocrx_word' id='word_1_36' title='bbox 510 1062 714 1152; x_wconf 68' lang='lat' dir='ltr'>Societatis,</span> <span class='ocrx_word' id='word_1_37' title='bbox 726 1062 940 1170; x_wconf 76' lang='lat' dir='ltr'>praedictae</span> <span class='ocrx_word' id='word_1_38' title='bbox 959 1061 1163 1157; x_wconf 79' lang='lat' dir='ltr'>nominare</span> <span class='ocrx_word' id='word_1_39' title='bbox 1182 1061 1327 1170; x_wconf 82' lang='lat' dir='ltr'>eligere</span> <span class='ocrx_word' id='word_1_40' title='bbox 1350 1080 1392 1142; x_wconf 87' lang='lat' dir='ltr'>et</span> <span class='ocrx_word' id='word_1_41' title='bbox 1410 1087 1520 1168; x_wconf 84' lang='lat' dir='ltr'>prae-</span> 
     </span>
     <span class='ocr_line' id='line_1_7' title="bbox 120 1194 1519 1307; baseline 0 -32"><span class='ocrx_word' id='word_1_42' title='bbox 120 1195 263 1291; x_wconf 70' lang='lat' dir='ltr'>ficere3</span> <span class='ocrx_word' id='word_1_43' title='bbox 290 1215 330 1278; x_wconf 85' lang='lat' dir='ltr'>et</span> <span class='ocrx_word' id='word_1_44' title='bbox 354 1199 464 1307; x_wconf 85' lang='lat' dir='ltr'>qnod</span> <span class='ocrx_word' id='word_1_45' title='bbox 495 1197 562 1284; x_wconf 85' lang='lat' dir='ltr'>ille</span> <span class='ocrx_word' id='word_1_46' title='bbox 581 1197 661 1280; x_wconf 88' lang='lat' dir='ltr'>live</span> <span class='ocrx_word' id='word_1_47' title='bbox 677 1196 802 1289; x_wconf 68' lang='lat' dir='ltr'>illisue</span> <span class='ocrx_word' id='word_1_48' title='bbox 822 1197 863 1278; x_wconf 88' lang='lat' dir='ltr'>in</span> <span class='ocrx_word' id='word_1_49' title='bbox 882 1194 1018 1278; x_wconf 89' lang='lat' dir='ltr'>officio</span> <span class='ocrx_word' id='word_1_50' title='bbox 1036 1196 1111 1278; x_wconf 93' lang='lat' dir='ltr'>illo</span> <span class='ocrx_word' id='word_1_51' title='bbox 1126 1195 1239 1276; x_wconf 75' lang='lat' dir='ltr'>eleni</span> <span class='ocrx_word' id='word_1_52' title='bbox 1268 1214 1308 1278; x_wconf 87' lang='lat' dir='ltr'>et</span> <span class='ocrx_word' id='word_1_53' title='bbox 1332 1194 1519 1304; x_wconf 64' lang='lat' dir='ltr'>praesedi</span> 
     </span>
     <span class='ocr_line' id='line_1_8' title="bbox 118 1322 1520 1439; baseline -0.001 -27"><span class='ocrx_word' id='word_1_54' title='bbox 118 1322 141 1396; x_wconf 62' lang='grc' dir='ltr'>ξ’</span> <span class='ocrx_word' id='word_1_55' title='bbox 161 1329 280 1416; x_wconf 82' lang='lat' dir='ltr'>idem.</span> <span class='ocrx_word' id='word_1_56' title='bbox 295 1331 474 1416; x_wconf 87' lang='lat' dir='ltr'>officinm</span> <span class='ocrx_word' id='word_1_57' title='bbox 503 1331 646 1434; x_wconf 71' lang='lat' dir='ltr'>hebeat</span> <span class='ocrx_word' id='word_1_58' title='bbox 672 1351 710 1414; x_wconf 89' lang='lat' dir='ltr'>et</span> <span class='ocrx_word' id='word_1_59' title='bbox 729 1329 896 1414; x_wconf 87' lang='lat' dir='ltr'>habeant</span> <span class='ocrx_word' id='word_1_60' title='bbox 912 1329 1105 1439; x_wconf 85' lang='lat' dir='ltr'>usquead</span> <span class='ocrx_word' id='word_1_61' title='bbox 1125 1327 1268 1412; x_wconf 88' lang='lat' dir='ltr'>festum</span> <span class='ocrx_word' id='word_1_62' title='bbox 1284 1328 1520 1434; x_wconf 73' lang='lat' dir='ltr'>SanRiAn·</span> 
     </span>
     <span class='ocr_line' id='line_1_9' title="bbox 127 1453 1521 1576; baseline -0.001 -30"><span class='ocrx_word' id='word_1_63' title='bbox 127 1464 235 1550; x_wconf 83' lang='lat' dir='ltr'>dreae</span> <span class='ocrx_word' id='word_1_64' title='bbox 264 1453 446 1574; x_wconf 87' lang='lat' dir='ltr'>Apostoli</span> <span class='ocrx_word' id='word_1_65' title='bbox 474 1483 571 1550; x_wconf 88' lang='lat' dir='ltr'>tunc</span> <span class='ocrx_word' id='word_1_66' title='bbox 603 1466 833 1574; x_wconf 77' lang='lat' dir='ltr'>proximum</span> <span class='ocrx_word' id='word_1_67' title='bbox 860 1465 1037 1573; x_wconf 88' lang='lat' dir='ltr'>sequens,</span> <span class='ocrx_word' id='word_1_68' title='bbox 1065 1483 1105 1546; x_wconf 90' lang='lat' dir='ltr'>et</span> <span class='ocrx_word' id='word_1_69' title='bbox 1132 1462 1288 1556; x_wconf 79' lang='lat' dir='ltr'>exinde,</span> <span class='ocrx_word' id='word_1_70' title='bbox 1312 1464 1521 1576; x_wconf 16' lang='lat' dir='ltr'>*quousque</span> 
     </span>
     <span class='ocr_line' id='line_1_10' title="bbox 126 1597 1515 1708; baseline 0.001 -30"><span class='ocrx_word' id='word_1_71' title='bbox 126 1624 226 1680; x_wconf 92' lang='lat' dir='ltr'>nnus</span> <span class='ocrx_word' id='word_1_72' title='bbox 247 1601 348 1687; x_wconf 82' lang='lat' dir='ltr'>alins</span> <span class='ocrx_word' id='word_1_73' title='bbox 367 1601 431 1683; x_wconf 85' lang='lat' dir='ltr'>vel</span> <span class='ocrx_word' id='word_1_74' title='bbox 448 1601 580 1708; x_wconf 87' lang='lat' dir='ltr'>plures</span> <span class='ocrx_word' id='word_1_75' title='bbox 596 1600 660 1682; x_wconf 84' lang='lat' dir='ltr'>alii</span> <span class='ocrx_word' id='word_1_76' title='bbox 674 1603 827 1690; x_wconf 69' lang='lat' dir='ltr'>elesius</span> <span class='ocrx_word' id='word_1_77' title='bbox 848 1600 1067 1708; x_wconf 67' lang='lat' dir='ltr'>praefestus</span> <span class='ocrx_word' id='word_1_78' title='bbox 1086 1618 1126 1680; x_wconf 90' lang='lat' dir='ltr'>et</span> <span class='ocrx_word' id='word_1_79' title='bbox 1141 1597 1367 1680; x_wconf 87' lang='lat' dir='ltr'>nominatus</span> <span class='ocrx_word' id='word_1_80' title='bbox 1380 1599 1515 1693; x_wconf 82' lang='lat' dir='ltr'>fuerit,</span> 
     </span>
    </p>

    <p class='ocr_par' dir='ltr' id='par_1_3' title="bbox 62 1732 1529 2116">
     <span class='ocr_line' id='line_1_11' title="bbox 62 1732 1517 1843; baseline 0 -31"><span class='ocrx_word' id='word_1_81' title='bbox 62 1825 64 1830; x_wconf 68' lang='lat'>,</span> <span class='ocrx_word' id='word_1_82' title='bbox 118 1733 240 1816; x_wconf 36' lang='lat' dir='ltr'>,electi</span> <span class='ocrx_word' id='word_1_83' title='bbox 266 1733 457 1843; x_wconf 63' lang='lat' dir='ltr'>praesedi</span> <span class='ocrx_word' id='word_1_84' title='bbox 490 1751 530 1816; x_wconf 86' lang='lat' dir='ltr'>et</span> <span class='ocrx_word' id='word_1_85' title='bbox 569 1734 765 1820; x_wconf 83' lang='lat' dir='ltr'>nominati</span> <span class='ocrx_word' id='word_1_86' title='bbox 796 1734 970 1826; x_wconf 85' lang='lat' dir='ltr'>suetint;</span> <span class='ocrx_word' id='word_1_87' title='bbox 998 1734 1241 1817; x_wconf 84' lang='lat' dir='ltr'>sacramento</span> <span class='ocrx_word' id='word_1_88' title='bbox 1255 1732 1447 1838; x_wconf 88' lang='lat' dir='ltr'>corporali</span> <span class='ocrx_word' id='word_1_89' title='bbox 1468 1734 1517 1812; x_wconf 90' lang='lat' dir='ltr'>ad</span> 
     </span>
     <span class='ocr_line' id='line_1_12' title="bbox 120 1865 1529 1977; baseline 0.001 -29"><span class='ocrx_word' id='word_1_90' title='bbox 120 1865 300 1951; x_wconf 88' lang='lat' dir='ltr'>officinm</span> <span class='ocrx_word' id='word_1_91' title='bbox 319 1867 421 1950; x_wconf 87' lang='lat' dir='ltr'>illud</span> <span class='ocrx_word' id='word_1_92' title='bbox 439 1867 481 1952; x_wconf 90' lang='lat' dir='ltr'>in</span> <span class='ocrx_word' id='word_1_93' title='bbox 499 1869 688 1960; x_wconf 87' lang='lat' dir='ltr'>omnibus</span> <span class='ocrx_word' id='word_1_94' title='bbox 705 1888 744 1950; x_wconf 90' lang='lat' dir='ltr'>et</span> <span class='ocrx_word' id='word_1_95' title='bbox 764 1895 831 1977; x_wconf 92' lang='lat' dir='ltr'>per</span> <span class='ocrx_word' id='word_1_96' title='bbox 848 1870 985 1950; x_wconf 88' lang='lat' dir='ltr'>omnia</span> <span class='ocrx_word' id='word_1_97' title='bbox 1001 1867 1178 1950; x_wconf 87' lang='lat' dir='ltr'>officium</span> <span class='ocrx_word' id='word_1_98' title='bbox 1193 1866 1294 1968; x_wconf 80' lang='lat' dir='ltr'>illud</span> <span class='ocrx_word' id='word_1_99' title='bbox 1314 1869 1529 1976; x_wconf 84' lang='lat' dir='ltr'>tangentia.</span> 
     </span>
     <span class='ocr_line' id='line_1_13' title="bbox 119 2002 1516 2116; baseline 0.001 -36"><span class='ocrx_word' id='word_1_100' title='bbox 119 2003 457 2116; x_wconf 79' lang='lat' dir='ltr'>‚coram-Praestde</span> <span class='ocrx_word' id='word_1_101' title='bbox 487 2023 531 2085; x_wconf 86' lang='lat' dir='ltr'>et</span> <span class='ocrx_word' id='word_1_102' title='bbox 559 2002 743 2089; x_wconf 84' lang='lat' dir='ltr'>Concilio</span> <span class='ocrx_word' id='word_1_103' title='bbox 773 2003 933 2111; x_wconf 83' lang='lat' dir='ltr'>Regalis</span> <span class='ocrx_word' id='word_1_104' title='bbox 966 2002 1170 2102; x_wconf 83' lang='lat' dir='ltr'>Societatis</span> <span class='ocrx_word' id='word_1_105' title='bbox 1189 2002 1422 2110; x_wconf 72' lang='lat' dir='ltr'>praedidlae‚</span> <span class='ocrx_word' id='word_1_106' title='bbox 1454 2004 1516 2082; x_wconf 84' lang='lat' dir='ltr'>vel</span> 
     </span>
    </p>

    <p class='ocr_par' dir='ltr' id='par_1_4' title="bbox 26 2125 1519 2246">
     <span class='ocr_line' id='line_1_14' title="bbox 26 2125 1519 2246; baseline 0.001 -30"><span class='ocrx_word' id='word_1_107' title='bbox 26 2195 28 2200; x_wconf 85' lang='lat'>-</span> <span class='ocrx_word' id='word_1_108' title='bbox 115 2134 318 2244; x_wconf 76' lang='lat' dir='ltr'>:aliquibus</span> <span class='ocrx_word' id='word_1_109' title='bbox 345 2125 495 2244; x_wconf 71' lang='lat' dir='ltr'>vseptem</span> <span class='ocrx_word' id='word_1_110' title='bbox 513 2137 576 2218; x_wconf 89' lang='lat' dir='ltr'>vel</span> <span class='ocrx_word' id='word_1_111' title='bbox 597 2137 779 2245; x_wconf 88' lang='lat' dir='ltr'>pluribus</span> <span class='ocrx_word' id='word_1_112' title='bbox 797 2165 936 2218; x_wconf 86' lang='lat' dir='ltr'>eorum</span> <span class='ocrx_word' id='word_1_113' title='bbox 965 2165 1036 2246; x_wconf 86' lang='lat' dir='ltr'>pro</span> <span class='ocrx_word' id='word_1_114' title='bbox 1055 2156 1230 2244; x_wconf 88' lang='lat' dir='ltr'>tempore</span> <span class='ocrx_word' id='word_1_115' title='bbox 1250 2137 1519 2233; x_wconf 81' lang='lat' dir='ltr'>existentibus,</span> 
     </span>
    </p>

    <p class='ocr_par' dir='ltr' id='par_1_5' title="bbox 46 2267 1515 2516">
     <span class='ocr_line' id='line_1_15' title="bbox 46 2267 1515 2382; baseline 0.003 -32"><span class='ocrx_word' id='word_1_116' title='bbox 46 2335 48 2342; x_wconf 93' lang='lat'><em>.</em></span> <span class='ocrx_word' id='word_1_117' title='bbox 115 2267 219 2352; x_wconf 85' lang='lat' dir='ltr'>bene</span> <span class='ocrx_word' id='word_1_118' title='bbox 244 2288 284 2352; x_wconf 90' lang='lat' dir='ltr'>et</span> <span class='ocrx_word' id='word_1_119' title='bbox 308 2267 475 2358; x_wconf 78' lang='lat' dir='ltr'>fideliter</span> <span class='ocrx_word' id='word_1_120' title='bbox 506 2271 795 2382; x_wconf 85' lang='lat' dir='ltr'>exequendum,</span> <span class='ocrx_word' id='word_1_121' title='bbox 834 2269 1049 2354; x_wconf 81' lang='lat' dir='ltr'>secundnm</span> <span class='ocrx_word' id='word_1_122' title='bbox 1077 2295 1211 2354; x_wconf 84' lang='lat' dir='ltr'>veram</span> <span class='ocrx_word' id='word_1_123' title='bbox 1248 2271 1515 2356; x_wconf 87' lang='lat' dir='ltr'>intentionem</span> 
     </span>
     <span class='ocr_line' id='line_1_16' title="bbox 118 2403 889 2564; baseline 0.009 -82"><span class='ocrx_word' id='word_1_124' title='bbox 118 2404 395 2564; x_wconf 82' lang='lat' dir='ltr'>praesentium,</span> <span class='ocrx_word' id='word_1_125' title='bbox 413 2403 533 2514; x_wconf 84' lang='lat' dir='ltr'>prilts</span> <span class='ocrx_word' id='word_1_126' title='bbox 560 2405 889 2516; x_wconf 61' lang='lat' dir='ltr'>praestanda.</span> 
     </span>
    </p>
   </div>
   <div class='ocr_carea' id='block_1_3' title="bbox 26 2593 1735 4445">
    <p class='ocr_par' dir='ltr' id='par_1_6' title="bbox 26 2593 1735 4445">
     <span class='ocr_line' id='line_1_17' title="bbox 170 2593 1510 2731; baseline 0.002 -35"><span class='ocrx_word' id='word_1_127' title='bbox 170 2611 240 2699; x_wconf 74' lang='lat' dir='ltr'>E&#39;c</span> <span class='ocrx_word' id='word_1_128' title='bbox 263 2593 503 2731; x_wconf 70' lang='grc' dir='ltr'>ιιιιτιιιιινι</span> <span class='ocrx_word' id='word_1_129' title='bbox 516 2615 717 2726; x_wconf 75' lang='lat' dir='ltr'>uolumus,</span> <span class='ocrx_word' id='word_1_130' title='bbox 747 2643 794 2714; x_wconf 82' lang='lat' dir='ltr'>ac</span> <span class='ocrx_word' id='word_1_131' title='bbox 812 2643 879 2724; x_wconf 86' lang='lat' dir='ltr'>per</span> <span class='ocrx_word' id='word_1_132' title='bbox 902 2614 1115 2724; x_wconf 85' lang='lat' dir='ltr'>praesentes</span> <span class='ocrx_word' id='word_1_133' title='bbox 1135 2643 1206 2724; x_wconf 91' lang='lat' dir='ltr'>pto</span> <span class='ocrx_word' id='word_1_134' title='bbox 1225 2614 1337 2696; x_wconf 92' lang='lat' dir='ltr'>nobis</span> <span class='ocrx_word' id='word_1_135' title='bbox 1357 2617 1510 2698; x_wconf 86' lang='lat' dir='ltr'>heredi·</span> 
     </span>
     <span class='ocr_line' id='line_1_18' title="bbox 119 2719 1509 2858; baseline 0.004 -31"><span class='ocrx_word' id='word_1_136' title='bbox 119 2743 189 2828; x_wconf 86' lang='lat' dir='ltr'>bus</span> <span class='ocrx_word' id='word_1_137' title='bbox 208 2767 250 2829; x_wconf 91' lang='lat' dir='ltr'>et</span> <span class='ocrx_word' id='word_1_138' title='bbox 277 2719 552 2833; x_wconf 82' lang='lat' dir='ltr'>successoribus</span> <span class='ocrx_word' id='word_1_139' title='bbox 578 2749 720 2834; x_wconf 89' lang='lat' dir='ltr'>nostris</span> <span class='ocrx_word' id='word_1_140' title='bbox 739 2729 995 2840; x_wconf 83' lang='lat' dir='ltr'>concedimii&#39;s</span> <span class='ocrx_word' id='word_1_141' title='bbox 1013 2749 1194 2858; x_wconf 88' lang='lat' dir='ltr'>praefatis</span> <span class='ocrx_word' id='word_1_142' title='bbox 1215 2752 1378 2830; x_wconf 81' lang='lat' dir='ltr'>Praesrdi</span> <span class='ocrx_word' id='word_1_143' title='bbox 1398 2755 1509 2833; x_wconf 91' lang='lat' dir='ltr'>Con-</span> 
     </span>
     <span class='ocr_line' id='line_1_19' title="bbox 118 2849 1735 3042; baseline 0.007 -80"><span class='ocrx_word' id='word_1_144' title='bbox 118 2881 207 2968; x_wconf 90' lang='lat' dir='ltr'>cilio</span> <span class='ocrx_word' id='word_1_145' title='bbox 236 2902 277 2966; x_wconf 87' lang='lat' dir='ltr'>et</span> <span class='ocrx_word' id='word_1_146' title='bbox 301 2881 505 2968; x_wconf 80' lang='lat' dir='ltr'>Sodalibus</span> <span class='ocrx_word' id='word_1_147' title='bbox 524 2881 740 2993; x_wconf 62' lang='lat' dir='ltr'>praedictae</span> <span class='ocrx_word' id='word_1_148' title='bbox 769 2861 929 2994; x_wconf 82' lang='lat' dir='ltr'>Regalis</span> <span class='ocrx_word' id='word_1_149' title='bbox 957 2882 1161 2963; x_wconf 75' lang='lat' dir='ltr'>societatis</span> <span class='ocrx_word' id='word_1_150' title='bbox 1179 2902 1218 2963; x_wconf 89' lang='lat' dir='ltr'>et</span> <span class='ocrx_word' id='word_1_151' title='bbox 1234 2849 1575 2969; x_wconf 84' lang='lat' dir='ltr'>succefforibusn⁰</span> <span class='ocrx_word' id='word_1_152' title='bbox 1550 2920 1646 2971; x_wconf 71' lang='lat' dir='ltr'>nen</span> <span class='ocrx_word' id='word_1_153' title='bbox 1577 2850 1735 3111; x_wconf 48' lang='grc' dir='ltr'>ῖιιῗῗιξγῗ,</span> 
     </span>
     <span class='ocr_line' id='line_1_20' title="bbox 116 2992 1629 3178; baseline 0.006 -83"><span class='ocrx_word' id='word_1_154' title='bbox 116 3015 203 3118; x_wconf 88' lang='lat' dir='ltr'>suis,</span> <span class='ocrx_word' id='word_1_155' title='bbox 233 3017 342 3130; x_wconf 91' lang='lat' dir='ltr'>quod</span> <span class='ocrx_word' id='word_1_156' title='bbox 374 3017 480 3146; x_wconf 76' lang='lat' dir='ltr'>ipfi</span> <span class='ocrx_word' id='word_1_157' title='bbox 475 3037 516 3104; x_wconf 84' lang='lat' dir='ltr'>et</span> <span class='ocrx_word' id='word_1_158' title='bbox 544 3011 774 3132; x_wconf 77' lang='lat' dir='ltr'>successores</span> <span class='ocrx_word' id='word_1_159' title='bbox 803 3016 860 3106; x_wconf 89' lang='lat' dir='ltr'>sni</span> <span class='ocrx_word' id='word_1_160' title='bbox 890 3019 1070 3130; x_wconf 84' lang='lat' dir='ltr'>quolibet</span> <span class='ocrx_word' id='word_1_161' title='bbox 1099 3045 1220 3113; x_wconf 88' lang='lat' dir='ltr'>anno,</span> <span class='ocrx_word' id='word_1_162' title='bbox 1250 3017 1292 3098; x_wconf 93' lang='lat' dir='ltr'>in</span> <span class='ocrx_word' id='word_1_163' title='bbox 1311 2992 1629 3178; x_wconf 59' lang='lat' dir='ltr'>praedieto‘mllll</span> 
     </span>
     <span class='ocr_line' id='line_1_21' title="bbox 110 3125 1730 3270; baseline 0.006 -39.031"><span class='ocrx_word' id='word_1_164' title='bbox 110 3149 206 3256; x_wconf 81' lang='lat' dir='ltr'>festo</span> <span class='ocrx_word' id='word_1_165' title='bbox 239 3151 368 3260; x_wconf 70' lang='lat' dir='ltr'>saneti</span> <span class='ocrx_word' id='word_1_166' title='bbox 377 3133 578 3268; x_wconf 81' lang='lat' dir='ltr'>Andreae</span> <span class='ocrx_word' id='word_1_167' title='bbox 588 3125 797 3264; x_wconf 82' lang='lat' dir='ltr'>Apostoli,</span> <span class='ocrx_word' id='word_1_168' title='bbox 812 3133 973 3261; x_wconf 87' lang='lat' dir='ltr'>plenam</span> <span class='ocrx_word' id='word_1_169' title='bbox 1002 3151 1235 3262; x_wconf 90' lang='lat' dir='ltr'>potestatem</span> <span class='ocrx_word' id='word_1_170' title='bbox 1263 3174 1302 3235; x_wconf 89' lang='lat' dir='ltr'>et</span> <span class='ocrx_word' id='word_1_171' title='bbox 1333 3155 1506 3253; x_wconf 82' lang='lat' dir='ltr'>authori·</span> <span class='ocrx_word' id='word_1_172' title='bbox 1492 3197 1550 3249; x_wconf 70' lang='lat' dir='ltr'>-n,</span> <span class='ocrx_word' id='word_1_173' title='bbox 1519 3126 1711 3270; x_wconf 57' lang='lat' dir='ltr'>hmlgn</span> <span class='ocrx_word' id='word_1_174' title='bbox 1674 3138 1730 3184; x_wconf 31' lang='lat'>‘³⁰&#39;</span> 
     </span>
     <span class='ocr_line' id='line_1_22' title="bbox 114 3253 1613 3405; baseline 0.007 -40"><span class='ocrx_word' id='word_1_175' title='bbox 114 3302 236 3374; x_wconf 87' lang='lat' dir='ltr'>tatem</span> <span class='ocrx_word' id='word_1_176' title='bbox 261 3253 490 3405; x_wconf 81' lang='lat' dir='ltr'>habeantet</span> <span class='ocrx_word' id='word_1_177' title='bbox 508 3287 712 3376; x_wconf 86' lang='lat' dir='ltr'>habebunt</span> <span class='ocrx_word' id='word_1_178' title='bbox 738 3285 911 3396; x_wconf 88' lang='lat' dir='ltr'>eligendi</span> <span class='ocrx_word' id='word_1_179' title='bbox 931 3287 1165 3369; x_wconf 85' lang='lat' dir='ltr'>nominandi</span> <span class='ocrx_word' id='word_1_180' title='bbox 1186 3291 1443 3396; x_wconf 84' lang='lat' dir='ltr'>praeficiendi</span> <span class='ocrx_word' id='word_1_181' title='bbox 1467 3314 1506 3374; x_wconf 85' lang='lat' dir='ltr'>et</span> <span class='ocrx_word' id='word_1_182' title='bbox 1609 3384 1613 3393; x_wconf 75' lang='lat'>,</span> 
     </span>
     <span class='ocr_line' id='line_1_23' title="bbox 113 3389 1507 3536; baseline 0.006 -37"><span class='ocrx_word' id='word_1_183' title='bbox 113 3414 309 3500; x_wconf 89' lang='lat' dir='ltr'>mutandi</span> <span class='ocrx_word' id='word_1_184' title='bbox 322 3421 460 3536; x_wconf 80' lang='lat' dir='ltr'>decem</span> <span class='ocrx_word' id='word_1_185' title='bbox 493 3423 540 3504; x_wconf 89' lang='lat' dir='ltr'>de</span> <span class='ocrx_word' id='word_1_186' title='bbox 570 3389 776 3505; x_wconf 81' lang='lat' dir='ltr'>Sodalibus</span> <span class='ocrx_word' id='word_1_187' title='bbox 796 3419 954 3530; x_wconf 76' lang='lat' dir='ltr'>Regalis</span> <span class='ocrx_word' id='word_1_188' title='bbox 970 3420 1178 3502; x_wconf 78' lang='lat' dir='ltr'>Societatrs</span> <span class='ocrx_word' id='word_1_189' title='bbox 1198 3426 1427 3530; x_wconf 68' lang='lat' dir='ltr'>praediotae,</span> <span class='ocrx_word' id='word_1_190' title='bbox 1459 3429 1507 3511; x_wconf 82' lang='lat' dir='ltr'>ad</span> 
     </span>
     <span class='ocr_line' id='line_1_24' title="bbox 109 3523 1608 3680; baseline 0.011 -52.021"><span class='ocrx_word' id='word_1_191' title='bbox 109 3523 376 3680; x_wconf 79' lang='lat' dir='ltr'>supplendum</span> <span class='ocrx_word' id='word_1_192' title='bbox 401 3525 489 3636; x_wconf 89' lang='lat' dir='ltr'>loca</span> <span class='ocrx_word' id='word_1_193' title='bbox 517 3573 559 3636; x_wconf 90' lang='lat' dir='ltr'>et</span> <span class='ocrx_word' id='word_1_194' title='bbox 590 3553 721 3636; x_wconf 91' lang='lat' dir='ltr'>officia</span> <span class='ocrx_word' id='word_1_195' title='bbox 740 3555 878 3636; x_wconf 90' lang='lat' dir='ltr'>decem</span> <span class='ocrx_word' id='word_1_196' title='bbox 900 3554 1084 3662; x_wconf 71' lang='lat' dir='ltr'>praedidti</span> <span class='ocrx_word' id='word_1_197' title='bbox 1111 3557 1270 3637; x_wconf 88' lang='lat' dir='ltr'>numeri</span> <span class='ocrx_word' id='word_1_198' title='bbox 1291 3557 1447 3667; x_wconf 88' lang='lat' dir='ltr'>viginti</span> <span class='ocrx_word' id='word_1_199' title='bbox 1468 3582 1509 3659; x_wconf 82' lang='lat' dir='ltr'>et</span> <span class='ocrx_word' id='word_1_200' title='bbox 1596 3641 1608 3668; x_wconf 24' lang='lat' dir='ltr'>g</span> 
     </span>
     <span class='ocr_line' id='line_1_25' title="bbox 26 3669 1596 3807; baseline 0.007 -43"><span class='ocrx_word' id='word_1_201' title='bbox 26 3746 27 3776; x_wconf 69' lang='lat'>,</span> <span class='ocrx_word' id='word_1_202' title='bbox 113 3711 229 3768; x_wconf 86' lang='lat' dir='ltr'>umus</span> <span class='ocrx_word' id='word_1_203' title='bbox 233 3678 292 3768; x_wconf 90' lang='lat' dir='ltr'>de</span> <span class='ocrx_word' id='word_1_204' title='bbox 308 3686 496 3780; x_wconf 77' lang='lat' dir='ltr'>Concilio</span> <span class='ocrx_word' id='word_1_205' title='bbox 516 3669 679 3800; x_wconf 75' lang='lat' dir='ltr'>Regalis</span> <span class='ocrx_word' id='word_1_206' title='bbox 700 3687 904 3771; x_wconf 77' lang='lat' dir='ltr'>Socretans</span> <span class='ocrx_word' id='word_1_207' title='bbox 918 3688 1160 3798; x_wconf 69' lang='lat' dir='ltr'>praedrslae</span> <span class='ocrx_word' id='word_1_208' title='bbox 1190 3692 1379 3802; x_wconf 86' lang='lat' dir='ltr'>quoniam</span> <span class='ocrx_word' id='word_1_209' title='bbox 1401 3695 1506 3807; x_wconf 88' lang='lat' dir='ltr'>regi·</span> <span class='ocrx_word' id='word_1_210' title='bbox 1560 3710 1596 3724; x_wconf 77' lang='grc'><em>”</em></span> 
     </span>
     <span class='ocr_line' id='line_1_26' title="bbox 26 3804 1508 3940; baseline 0.011 -43"><span class='ocrx_word' id='word_1_211' title='bbox 26 3821 28 3860; x_wconf 74' lang='lat'><em>³</em></span> <span class='ocrx_word' id='word_1_212' title='bbox 112 3844 176 3899; x_wconf 85' lang='lat' dir='ltr'>am</span> <span class='ocrx_word' id='word_1_213' title='bbox 195 3821 444 3904; x_wconf 89' lang='lat' dir='ltr'>voluntatem</span> <span class='ocrx_word' id='word_1_214' title='bbox 476 3820 650 3904; x_wconf 81' lang='lat' dir='ltr'>nostram</span> <span class='ocrx_word' id='word_1_215' title='bbox 679 3804 752 3937; x_wconf 82' lang='lat' dir='ltr'>esse</span> <span class='ocrx_word' id='word_1_216' title='bbox 771 3825 1028 3921; x_wconf 83' lang='lat' dir='ltr'>declaramus,</span> <span class='ocrx_word' id='word_1_217' title='bbox 1056 3845 1096 3904; x_wconf 89' lang='lat' dir='ltr'>et</span> <span class='ocrx_word' id='word_1_218' title='bbox 1113 3851 1181 3937; x_wconf 88' lang='lat' dir='ltr'>per</span> <span class='ocrx_word' id='word_1_219' title='bbox 1201 3830 1414 3934; x_wconf 87' lang='lat' dir='ltr'>praesentes</span> <span class='ocrx_word' id='word_1_220' title='bbox 1434 3857 1508 3940; x_wconf 89' lang='lat' dir='ltr'>pro</span> 
     </span>
     <span class='ocr_line' id='line_1_27' title="bbox 26 3937 1505 4073; baseline 0.01 -43"><span class='ocrx_word' id='word_1_221' title='bbox 26 3945 28 3956; x_wconf 78' lang='grc'>’</span> <span class='ocrx_word' id='word_1_222' title='bbox 84 3954 221 4035; x_wconf 67' lang='lat' dir='ltr'>&#39;nobis</span> <span class='ocrx_word' id='word_1_223' title='bbox 251 3950 459 4068; x_wconf 82' lang='lat' dir='ltr'>heredibus</span> <span class='ocrx_word' id='word_1_224' title='bbox 492 3976 532 4037; x_wconf 88' lang='lat' dir='ltr'>et</span> <span class='ocrx_word' id='word_1_225' title='bbox 559 3939 832 4042; x_wconf 74' lang='lat' dir='ltr'>fiiccefforibus</span> <span class='ocrx_word' id='word_1_226' title='bbox 853 3937 997 4043; x_wconf 81' lang='lat' dir='ltr'>nostris</span> <span class='ocrx_word' id='word_1_227' title='bbox 1013 3960 1283 4060; x_wconf 84' lang='lat' dir='ltr'>concedimus,</span> <span class='ocrx_word' id='word_1_228' title='bbox 1313 3965 1419 4073; x_wconf 92' lang='lat' dir='ltr'>quod</span> <span class='ocrx_word' id='word_1_229' title='bbox 1440 3966 1505 4045; x_wconf 84' lang='lat' dir='ltr'>de&#39;·</span> 
     </span>
     <span class='ocr_line' id='line_1_28' title="bbox 26 4061 1505 4205; baseline 0.012 -42"><span class='ocrx_word' id='word_1_230' title='bbox 26 4135 27 4140; x_wconf 24' lang='lat'>¹</span> <span class='ocrx_word' id='word_1_231' title='bbox 99 4111 197 4190; x_wconf 85' lang='lat' dir='ltr'>¹cem</span> <span class='ocrx_word' id='word_1_232' title='bbox 230 4061 278 4170; x_wconf 89' lang='lat' dir='ltr'>de</span> <span class='ocrx_word' id='word_1_233' title='bbox 308 4089 492 4173; x_wconf 86' lang='lat' dir='ltr'>Concilio</span> <span class='ocrx_word' id='word_1_234' title='bbox 524 4092 736 4200; x_wconf 68' lang='lat' dir='ltr'>praedicto,</span> <span class='ocrx_word' id='word_1_235' title='bbox 765 4111 805 4174; x_wconf 88' lang='lat' dir='ltr'>et</span> <span class='ocrx_word' id='word_1_236' title='bbox 843 4123 924 4177; x_wconf 93' lang='lat' dir='ltr'>non</span> <span class='ocrx_word' id='word_1_237' title='bbox 964 4095 1151 4203; x_wconf 87' lang='lat' dir='ltr'>amplius,</span> <span class='ocrx_word' id='word_1_238' title='bbox 1182 4121 1250 4205; x_wconf 88' lang='lat' dir='ltr'>per</span> <span class='ocrx_word' id='word_1_239' title='bbox 1289 4099 1505 4181; x_wconf 79' lang='lat' dir='ltr'>Praestdem</span> 
     </span>
     <span class='ocr_line' id='line_1_29' title="bbox 26 4221 1504 4354; baseline 0.009 -54"><span class='ocrx_word' id='word_1_240' title='bbox 26 4273 40 4304; x_wconf 61' lang='lat'>2,</span> <span class='ocrx_word' id='word_1_241' title='bbox 112 4221 341 4340; x_wconf 86' lang='lat' dir='ltr'>Concilium</span> <span class='ocrx_word' id='word_1_242' title='bbox 374 4243 414 4344; x_wconf 81' lang='lat' dir='ltr'>et</span> <span class='ocrx_word' id='word_1_243' title='bbox 444 4226 602 4308; x_wconf 82' lang='lat' dir='ltr'>Sodales&#39;</span> <span class='ocrx_word' id='word_1_244' title='bbox 634 4229 797 4338; x_wconf 88' lang='lat' dir='ltr'>Regalis</span> <span class='ocrx_word' id='word_1_245' title='bbox 822 4230 1027 4314; x_wconf 86' lang='lat' dir='ltr'>Societatis</span> <span class='ocrx_word' id='word_1_246' title='bbox 1060 4229 1276 4342; x_wconf 73' lang='lat' dir='ltr'>praedidiae</span> <span class='ocrx_word' id='word_1_247' title='bbox 1297 4235 1504 4354; x_wconf 79' lang='lat' dir='ltr'>annuatim</span> 
     </span>
     <span class='ocr_line' id='line_1_30' title="bbox 26 4335 682 4445; baseline 0.012 -10"><span class='ocrx_word' id='word_1_248' title='bbox 26 4409 28 4422; x_wconf 81' lang='lat'>·</span> <span class='ocrx_word' id='word_1_249' title='bbox 107 4349 249 4443; x_wconf 87' lang='lat' dir='ltr'>mutati</span> <span class='ocrx_word' id='word_1_250' title='bbox 267 4377 307 4444; x_wconf 87' lang='lat' dir='ltr'>et</span> <span class='ocrx_word' id='word_1_251' title='bbox 326 4335 451 4445; x_wconf 82' lang='lat' dir='ltr'>amdti</span> <span class='ocrx_word' id='word_1_252' title='bbox 470 4357 682 4444; x_wconf 79' lang='lat' dir='ltr'>fuerint.</span> 
     </span>
    </p>
   </div>
   <div class='ocr_carea' id='block_1_4' title="bbox 449 4523 1501 4717">
    <p class='ocr_par' dir='ltr' id='par_1_7' title="bbox 449 4523 1501 4717">
     <span class='ocr_line' id='line_1_31' title="bbox 449 4523 1067 4605; baseline 0.003 -21"><span class='ocrx_word' id='word_1_253' title='bbox 449 4539 452 4546; x_wconf 92' lang='lat'>&#39;</span> <span class='ocrx_word' id='word_1_254' title='bbox 552 4546 556 4552; x_wconf 89' lang='lat'>·</span> <span class='ocrx_word' id='word_1_255' title='bbox 618 4523 951 4605; x_wconf 52' lang='lat' dir='ltr'>WSanuthenta,</span> <span class='ocrx_word' id='word_1_256' title='bbox 1062 4551 1067 4561; x_wconf 85' lang='lat'><em>·</em></span> 
     </span>
     <span class='ocr_line' id='line_1_32' title="bbox 797 4629 1501 4717; baseline 0.013 -12"><span class='ocrx_word' id='word_1_257' title='bbox 797 4653 821 4705; x_wconf 91' lang='lat' dir='ltr'>c</span> <span class='ocrx_word' id='word_1_258' title='bbox 1352 4629 1501 4717; x_wconf 80' lang='lat' dir='ltr'>Votv·</span> 
     </span>
    </p>
   </div>
   <div class='ocr_carea' id='block_1_5' title="bbox 0 0 1918 5234">
    <p class='ocr_par' dir='ltr' id='par_1_8' title="bbox 0 0 1918 5234">
     <span class='ocr_line' id='line_1_33' title="bbox 0 0 1918 5234; baseline 0 4"><span class='ocrx_word' id='word_1_259' title='bbox 0 0 1918 5234; x_wconf 95' lang='lat' dir='ltr'> </span> 
     </span>
    </p>
   </div>
  </div>
 </body>
</html>
