3825 5234
742 574 1125 700 cunata
1197 607 1523 694 ιιι-ιιι..

434 792 506 848 nos
539 761 699 852 tandem
729 765 929 847 universus
964 768 1168 847 literarum
1185 765 1291 846 orbis
1311 794 1392 846 nou
1416 764 1544 845 solum
1563 760 1651 842 fidei
1689 759 1825 842 desen-

330 905 337 914 '
433 906 576 994 l'orern,
607 899 809 981 sedetiam
838 902 1011 982 veritatis
1041 900 1293 982 omnimodae
1322 919 1377 981 et·
1393 900 1589 979 cultorem
1609 896 1750 1009 ubique
1782 914 1825 976 et

434 1033 811 1150 patronumsemper
821 1039 1021 1145 agnoscat.

494 1250 692 1341 Scmrrs,
721 1247 833 1355 quod
849 1273 918 1326 nos
939 1247 987 1324 de
1015 1245 1138 1354 gratia
1158 1243 1286 1326 nostra
1315 1243 1472 1351 speciali
1488 1271 1537 1324 ac
1563 1268 1609 1325 ex
1630 1215 1737 1324 certa
1751 1241 1818 1322 sci·

440 1382 545 1460 entia
573 1401 610 1460 et
640 1407 748 1460 mero
786 1399 899 1460 motu
921 1381 1075 1488 'nostris
1099 1381 1391 1471 ,ordinavimus
1429 1377 1704 1459 constituimus
1734 1360 1838 1456 con}

437 1514 616 1594 cessimus
630 1534 669 1594 et
688 1513 988 1612 declaravimus,
1015 1543 1061 1596 ac
1083 1545 1149 1624 per
1168 1515 1382 1623 praesentes
1401 1514 1602 1620 pronubis
1622 1510 1826 1592 heredibus

440 1669 481 1729 et
500 1647 776 1730 succeslbribus
804 1645 943 1729 nostris
963 1649 1190 1731 ordinamus
1219 1647 1494 1730 constituimus
1517 1646 1768 1728 concedimus
1786 1631 1825 1724 Et

439 1785 696 1878 declaramus,
737 1785 844 1892 quod
877 1779 925 1862 de
952 1802 1113 1865 caetero
1142 1785 1449 1892 inperpetuum
1473 1784 1548 1863 erit
1579 1781 1747 1862 Societas
1777 1781 1827 1860 de

215 1927 421 2053 ?W⁹‡'⁸‘,‘}{¹g
413 1917 718 2000 Praesidente¹
740 1915 927 1997 Concilio
953 1936 992 1998 et
1012 1919 1216 2000 Sodalibus
1236 1919 1458 2014 consistens,
1493 1947 1593 2028 quae
1626 1916 1829 1996 uocabitur

214 2002 365 2130 dinei)
440 2074 479 2134 et
516 2051 805 2162 nuncupabitur
824 2053 980 2162 Regalis
998 2055 1174 2136 Societas.
1217 2055 1273 2136 Et
1299 2057 1465 2134 eandem
1481 2052 1745 2143 Societatem,
1762 2075 1828 2156 per

438 2213 585 2271 nomen
617 2187 803 2298 Praestdis
831 2187 985 2268 Concil'
941 2189 981 2268 ln
1010 2207 1046 2269 rt
1064 2189 1248 2270 sodalium
1280 2188 1435 2298 Regalis
1459 2188 1669 2278 Societatit,
1700 2213 1829 2266 unum

437 2351 577 2432 corpus
598 2340 850 2430 corporatum
879 2342 917 2402 et
943 2323 1184 2430 politicum
1173 2353 1214 2404 ιιι
1247 2352 1287 2404 te
1315 2326 1420 2404 saslo
1438 2343 1478 2402 et
1497 2321 1656 2404 nomine
1675 2321 1843 2400 realiter⁴

437 2478 491 2544 ιι
509 2460 556 2538 ad
592 2459 782 2582 plenum,
803 2485 900 2580 pru
906 2457 1024 2580 nobis
1056 2459 1264 2541 heredibus
1296 2481 1336 2568 ιι
1369 2458 1647 2558 successoribus
1670 2454 1840 2554 nostris,

438 2591 607 2674 facimus
626 2573 852 2674 ordinamus
873 2572 1053 2677 creamus
1068 2616 1107 2675 et
1134 2595 1409 2676 constituimus
1443 2616 1510 2702 per
1528 2578 1758 2720 praesentes,
1789 2609 1836 2669 er

436 2727 542 2839 quod
575 2725 769 2836 peridem
800 2739 946 2812 nom'en
978 2730 1150 2812 habeant
1176 2728 1452 2812 successionem
1490 2748 1745 2838 perpetuam,
1776 2727 1833 2806 Et

299 2927 305 2934 .
436 2863 542 2972 quod
558 2863 625 2973 ipli
641 2883 679 2946 et
708 2891 847 2947 eorum
867 2865 1094 2948 successores
1124 2867 1315 2977 (quotum
1335 2864 1460 2946 studia
1495 2861 1724 2972 applicanda
1741 2860 1834 2942 sunt

437 2997 645 3081 adrerum
657 3000 906 3082 naturalium
932 3000 1155 3110 artiumque
1188 2999 1352 3081 utilium
1384 2999 1562 3082 scientias
1589 2999 1843 3107 experimen·-

436 3152 572 3213 torum
600 3133 676 3213 fide
703 3132 865 3214 ulterius
904 3134 1211 3250 promovendas)
1237 3164 1306 3242 per
1336 3136 1443 3216 idem
1474 3163 1622 3217 nomen
1652 3133 1852 3240 Prafidis·,

439 3265 593 3374 Consilii
609 3285 651 3348 et·
670 3267 874 3350 Sodalium«
893 3270 1053 3380 Regalis
1085 3270 1280 3368 Societatr's-
1306 3269 1538 3380 praedistae,
1565 3270 1698 3353 santet
1716 3287 1858 3350 erunt·

441 3401 638 3512 perpetuis
657 3403 801 3488 futuris
818 3404 1067 3514 temporibus¹
1078 3409 1263 3516 personae
1281 3408 1430 3490 habiles
1447 3425 1489 3497 et
1508 3407 1657 3514 inlege
1674 3394 1838 3514 capaces

231 3547 236 3560 '
346 3523 373 3551 ”’
440 3537 508 3624 ad
525 3537 752 3632 habendum
789 3534 1098 3674 perquirendum
1135 3542 1434 3652 percipiendum
1483 3560 1524 3622 et
1562 3539 1838 3649 possidendum

436 3691 558 3756 terras
585 3692 626 3756 et
664 3691 891 3758 tenementa
909 3702 1020 3784 prata
1049 3677 1190 3786 pascua
1219 3667 1408 3787 pasturas
1410 3678 1609 3759 libertates
1629 3674 1847 3788 privilegia

438 3805 669 3894 standtesras
688 3805 997 3926 jurisdictiones
1034 3829 1075 3924 et
1120 3812 1431 3933 hereditamenta
1467 3837 1724 3959 quaecunque
1765 3811 1840 3892 fibi

438 3957 488 4024 et
490 3913 792 4024 successoribus·
792 3940 944 4026 suisi'n
967 3916 1085 4032 feodo
1120 3965 1160 4030 et
1189 3917 1461 4064 perpetuitate,
1490 3947 1553 4028 vel
1573 3975 1644 4057 pro
1652 3945 1840 4028 termino

388 4116 392 4120 ·
438 4076 543 4160 vitae
562 4076 757 4199 vitarem
766 4079 827 4160 vel
861 4105 1072 4199 ¹armorum,
1101 4087 1166 4167 seu
1204 4087 1320 4169 aliter
1346 4084 1599 4202 quocunque
1623 4081 1757 4180 modo,
1791 4106 1853 4161 ac

439 4213 574 4297 etiam
592 4215 698 4296 bona
712 4232 765 4296 et
754 4189 913 4299 catalla
942 4241 1009 4300 ac
1018 4246 1180 4304 omnes
1175 4197 1281 4340 alias
1303 4249 1362 4304 res
1381 4219 1668 4336 cujuscunque
1684 4216 1844 4299 suerint

177 4393 415 4476 ,mm
441 4349 592 4465 generis
622 4368 800 4432 natutae
820 4347 946 4460 specie
974 4355 1192 4463 qualitatis}
1217 4333 1404 4447 Necnon
1431 4357 1482 4439 ad
1497 4354 1671 4437 dandum
1686 4379 1841 4434 conce·
1902 4454 1903 4459 ¹

440 4483 924 4575 dendtundrmtttendum
925 4506 966 4570 et
976 4468 1264 4630 affigna'ndirm
1271 4493 1410 4578 eadem
1421 4512 1540 4575 terras
1555 4505 1787 4574 tenemerta
1800 4502 1853 4569 et
1902 4492 1904 4545 ¹

440 4617 760 4773 hereditamenta
762 4621 876 4709 lona
895 4641 944 4744 et
954 4621 1130 4726 catula,
1137 4646 1178 4710 et
1190 4605 1333 4715 oninia
1352 4605 1510 4718 fadaet
1529 4620 1588 4710 ies
1606 4620 1848 4710 necessarias

987 4787 1007 4827 ²
986 4785 1090 4864 ln·
1076 4803 1107 4849 ιι
1116 4771 1297 4870 Anhang

1137 4942 1141 4950 .
1554 4924 1558 4929 -
1604 4857 1865 4948 faciendum

1634 4989 1660 5084 a
