3825 5234
495 411 874 542 cannen
942 455 1249 542 sarna.
1753 487 1781 570 3

160 614 403 698 {arietinum
440 632 480 696 et
518 616 795 726 exequendum
815 615 863 696 de
879 633 935 698 et.
955 615 1240 701 concernentia
1270 614 1417 699 eisdem
1433 620 1460 717 ¹,
1486 646 1557 726 per

146 749 565 857 nornenpraedidlum
583 782 594 844 3
618 751 673 832 Et
686 752 793 862 quod
808 779 876 860 per
891 777 1038 832 nomen
1050 750 1431 859 Prafidsconcliiet
1442 727 1673 862 Sada-{23⁰²
1691 723 1782 780 ΜΒ*

145 884 249 968 „lium
268 885 422 992 Regalis
442 883 632 968 Societetis
645 883 903 996 praedidum,
938 884 1124 994 placitare
1139 907 1186 968 et
1206 886 1458 996 implacitari,
1486 889 1558 969 res·

147 1019 382 1126 ‚pondereet
402 1017 636 1126 responderi,
653 1019 859 1102 defendere
872 1037 910 1100 et
926 1020 1099 1116 defendi,
1130 1022 1178 1102 de
1197 1040 1350 1104 caetero
1366 1021 1404 1104 in
1423 1049 1559 1130 perpe·

145 1171 281 1244 ,tuum
295 1154 449 1236 valeant
463 1173 501 1234 et
517 1152 671 1262 poffint,
690 1155 729 1236 in
745 1154 1044 1265 quibuscunque
1060 1155 1177 1238 cusiis
1191 1155 1335 1267 placeio
1349 1176 1388 1237 et
1402 1155 1559 1254 locis,et

158 1314 296 1370 coram
315 1287 614 1399 quibuscunque
647 1288 847 1372 Iudicibus
867 1309 905 1372 et
925 1288 1137 1372 lusticariis
1156 1309 1196 1372 et
1215 1292 1311 1374 aliis
1330 1291 1501 1401 personis
1511 1313 1560 1375 ot

157 1422 361 1508 officiariis
394 1425 534 1507 nostris
565 1423 758 1506 heredum
779 1444 817 1505 et
855 1423 1114 1508 suocefforum
1134 1425 1375 1524 nostrorum,
1404 1426 1446 1507 in
1465 1457 1559 1510 om·

159 1559 332 1642 nibuset
356 1560 517 1670 singulis
532 1559 751 1645 actionibus
767 1556 1034 1668 placitissedlis
1045 1560 1215 1670 querelis
1229 1561 1348 1644 caulis
1381 1563 1557 1643 materiis

159 1697 274 1779 rebus
308 1716 348 1778 et
373 1696 577 1784 demandis
607 1693 923 1808 quibuscunque,
953 1693 1221 1806 cujuscunque
1250 1695 1324 1778 smt
1353 1717 1421 1778 aut
1440 1717 1558 1780 eruut

159 1833 315 1944 generis
340 1851 502 1914 naturae
531 1832 599 1946 ¹vel
634 1829 801 1939 speciei;
848 1827 994 1910 eisdem
1031 1828 1154 1913 modo
1182 1850 1222 1912 et
1251 1831 1393 1929 forma,
1440 1851 1557 1940 prou-t

150 1966 284 2078 -aliqui
301 1964 397 2076 ligei
418 1965 538 2048 nostri
558 1965 658 2050 intra
677 1965 755 2048 hoc
777 1991 943 2074 regnum
963 1962 1144 2046 nostrum
1162 1965 1344 2076 Angliae,
1374 1965 1556 2076 personae

144 2101 316 2186 ,habiles
335 2119 375 2184 et
404 2101 447 2182 in
477 2102 565 2210 lege
595 2127 767 2208 capaces,
801 2118 868 2181 aut
894 2099 1284 2211 utaliquod‘corpus
1304 2122 1556 2210 corporatum

148 2237 221 2318 uel
240 2235 451 2346 politicum
471 2237 573 2318 intra
592 2235 670 2319 boc
691 2261 860 2346 regnum
886 2233 1065 2318 riostrum
1082 2235 1268 2344 Angliae,
1301 2235 1445 2318 habere
1464 2264 1554 2348 per·

146 2372 311 2485 rquirere
330 2372 498 2481 recipere
518 2371 703 2480 possidere
728 2371 816 2452 dare
835 2388 875 2452 et
893 2369 1122 2466 concedere,
1151 2371 1336 2480 placitare
1354 2389 1394 2454 et
1413 2371 1555 2481 impla·

147 2508 286 2604 scitari,
315 2507 543 2618 respondete
561 2525 601 2590 et
619 2506 854 2615 responderi,
884 2503 1090 2592 defendere
1109 2507 1174 2588 uel
1193 2505 1367 2606 defendi,
1397 2508 1553 2592 valeam

147 2663 198 2726 et
217 2643 371 2752 poffint,
399 2644 526 2726 valcat
550 2660 590 2728 et
608 2645 749 2753 poffit;
780 2641 836 2726 Et
862 2641 970 2753 quod
989 2640 1111 2725 iidem
1137 2640 1291 2726 Ptaoses
1311 2642 1551 2726 Concilium

157 2797 198 2862 et
217 2779 375 2862 Sodales
394 2776 553 2891 Regalis
565 2775 766 2862 Societatis
782 2776 997 2884 praedidae
1016 2791 1056 2858 et
1067 2775 1295 2860 successores
1311 2776 1369 2860 sui
1383 2777 1553 2860 habeant

155 2916 200 2997 in
229 2934 465 3026 perpetuum
495 2939 711 2997 commune
729 2910 930 3024 Sigillum,
960 2937 1033 3020 pro
1060 2910 1179 2993 causis
1214 2930 1255 2994 et
1275 2911 1442 3022 negotiis
1473 2911 1775 3059 suissfflgss„

142 3069 197 3134 ct
225 3047 492 3136 successorum
524 3050 687 3133 suorum
723 3045 1022 3160 quibuscunque
1052 3045 1210 3158 agendis
1240 3045 1552 3143 deserviturume
1665 3109 1669 3112 -

144 3202 198 3267 ..et
215 3184 323 3296 quod
357 3186 454 3266 bene
487 3183 601 3268 liceat
619 3205 660 3267 et
689 3182 827 3267 licebit
846 3183 991 3264 eisdem
1021 3181 1185 3266 Praesidi
1204 3181 1389 3266 Concisio
1416 3202 1455 3264 et
1475 3183 1550 3267 Se·

156 3319 311 3403 delibus
326 3318 492 3432 Regalis
521 3317 727 3404 Societatis
752 3317 982 3428 praediolae,
1012 3336 1051 3399 et
1071 3316 1345 3401 successoribus
1364 3319 1450 3401 suis
1469 3349 1550 3430 pro

152 3473 334 3564 tempore
370 3453 636 3554 existentibus,
677 3452 863 3564 Sigillum
903 3453 1002 3534 illud
1033 3452 1080 3533 de
1108 3473 1290 3561 tempore
1321 3453 1364 3533 in
1393 3472 1551 3562 tempus

152 3589 335 3700 frangere
368 3607 521 3672 mutare
541 3608 581 3672 et
613 3589 661 3672 de
691 3617 799 3673 novo
819 3590 963 3691 facere,
989 3607 1110 3699 prout
1129 3588 1178 3670 ii's
1215 3586 1462 3671 melius-fote
1486 3587 1732 3676 ‹ui'·¹¹¹‘“*¹‘¹‘¹t

1556 3657 1686 3716 l'leesure.

153 3725 311 3808 debitur
325 3727 508 3835 expediri.

149 4005 152 4012 .
208 3935 293 4033 Er,
321 3933 428 4046 quod
440 3933 617 4019 intentio
633 3935 768 4020 nostra
780 3934 894 4046 regia
921 3934 1127 4023 meliorem
1139 3923 1330 4020 ‘sortiatur
1341 3933 1551 4043 aeffectum,

154 4096 201 4151 ac
220 4098 293 4179 pro
314 4069 429 4153 ibono
456 4069 651 4180 regimine
668 4090 709 4152 et
725 4070 1022 4182 ,gubernatione
1041 4070 1257 4180 praedidae
1292 4069 1449 4181 Regalis
1478 4056 1574 4168 Sn-⁴

155 4202 307 4286 rietatis
335 4205 582 4314 destempore
615 4207 658 4289 in
684 4224 856 4318 tempus,
897 4232 1132 4305 vocamus,
1161 4235 1207 4288 ac
1236 4234 1304 4317 per
1327 4203 1550 4313 praesentes

149 4367 225 4448 pro
246 4337 360 4422 nobis
377 4339 585 4422 heredibus
604 4359 643 4424 et
663 4339 939 4427 successoribus
973 4342 1110 4425 nostris
1122 4340 1385 4425 concedimus
1410 4338 1550 4422 iisdem

154 4471 327 4558 Praefidi
346 4474 541 4562 -Concilio
564 4494 608 4561 et
640 4475 843 4564 Sodalibus
859 4477 1065 4564 Societatis
1089 4477 1246 4597 Regalis
1259 4473 1482 4585 ,mammae
1511 4492 1552 4556 et

584 4691 589 4700 '
702 4693 717 4726 ¹
740 4689 782 4749 Sic
793 4695 821 4750 iu
836 4689 1003 4753 Authentic·

763 4792 791 4872 b
822 4819 846 4894 a
1269 4784 1549 4876 successoribus
