<?xml version="1.0" encoding="UTF-8"?>
<!DOCTYPE html PUBLIC "-//W3C//DTD XHTML 1.0 Transitional//EN"
    "http://www.w3.org/TR/xhtml1/DTD/xhtml1-transitional.dtd">
<html xmlns="http://www.w3.org/1999/xhtml" xml:lang="en" lang="en">
 <head>
  <title>
</title>
<meta http-equiv="Content-Type" content="text/html;charset=utf-8" />
  <meta name='ocr-system' content='tesseract 3.04.00' />
  <meta name='ocr-capabilities' content='ocr_page ocr_carea ocr_par ocr_line ocrx_word'/>
</head>
<body>
  <div class='ocr_page' id='page_1' title='image "./diplomataetstat01britgoog_0051.png"; bbox 0 0 3825 5234; ppageno 0'>
   <div class='ocr_carea' id='block_1_1' title="bbox 115 445 1735 875">
    <p class='ocr_par' dir='ltr' id='par_1_1' title="bbox 115 445 1735 875">
     <span class='ocr_line' id='line_1_1' title="bbox 383 445 1735 582; baseline 0.018 -36"><span class='ocrx_word' id='word_1_1' title='bbox 383 445 762 551; x_wconf 80' lang='lat' dir='ltr'>CHARTA</span> <span class='ocrx_word' id='word_1_2' title='bbox 847 465 1218 557; x_wconf 82' lang='lat' dir='ltr'><strong>TERTIA.</strong></span> <span class='ocrx_word' id='word_1_3' title='bbox 1663 469 1735 582; x_wconf 67' lang='lat'>‘43&#39;</span> 
     </span>
     <span class='ocr_line' id='line_1_2' title="bbox 118 613 1504 736; baseline 0.011 -40"><span class='ocrx_word' id='word_1_4' title='bbox 118 637 194 698; x_wconf 90' lang='lat' dir='ltr'>non</span> <span class='ocrx_word' id='word_1_5' title='bbox 213 614 264 696; x_wconf 82' lang='lat' dir='ltr'>de·</span> <span class='ocrx_word' id='word_1_6' title='bbox 281 617 467 716; x_wconf 74' lang='lat' dir='ltr'>recordo,</span> <span class='ocrx_word' id='word_1_7' title='bbox 497 621 666 706; x_wconf 87' lang='lat' dir='ltr'>Necnon</span> <span class='ocrx_word' id='word_1_8' title='bbox 684 621 822 708; x_wconf 88' lang='lat' dir='ltr'>omnia</span> <span class='ocrx_word' id='word_1_9' title='bbox 839 641 879 707; x_wconf 92' lang='lat' dir='ltr'>et</span> <span class='ocrx_word' id='word_1_10' title='bbox 898 613 1050 736; x_wconf 71' lang='lat' dir='ltr'>singula</span> <span class='ocrx_word' id='word_1_11' title='bbox 1068 627 1239 710; x_wconf 89' lang='lat' dir='ltr'>redditus</span> <span class='ocrx_word' id='word_1_12' title='bbox 1258 648 1299 713; x_wconf 90' lang='lat' dir='ltr'>et</span> <span class='ocrx_word' id='word_1_13' title='bbox 1320 628 1504 712; x_wconf 77' lang='lat' dir='ltr'>animalia</span> 
     </span>
     <span class='ocr_line' id='line_1_3' title="bbox 115 749 1503 875; baseline 0.01 -46"><span class='ocrx_word' id='word_1_14' title='bbox 115 749 282 867; x_wconf 83' lang='lat' dir='ltr'>proficua</span> <span class='ocrx_word' id='word_1_15' title='bbox 311 779 570 868; x_wconf 90' lang='lat' dir='ltr'>quaecunque</span> <span class='ocrx_word' id='word_1_16' title='bbox 599 757 786 842; x_wconf 86' lang='lat' dir='ltr'>reservata</span> <span class='ocrx_word' id='word_1_17' title='bbox 815 757 926 870; x_wconf 90' lang='lat' dir='ltr'>super</span> <span class='ocrx_word' id='word_1_18' title='bbox 958 759 1257 875; x_wconf 82' lang='lat' dir='ltr'>quibuscunque</span> <span class='ocrx_word' id='word_1_19' title='bbox 1275 761 1503 846; x_wconf 85' lang='lat' dir='ltr'>dimiffioni·</span> 
     </span>
    </p>
   </div>
   <div class='ocr_carea' id='block_1_2' title="bbox 116 885 1502 1140">
    <p class='ocr_par' dir='ltr' id='par_1_2' title="bbox 116 885 1502 1140">
     <span class='ocr_line' id='line_1_4' title="bbox 116 885 1502 1038; baseline 0.011 -74"><span class='ocrx_word' id='word_1_20' title='bbox 116 885 181 966; x_wconf 93' lang='lat' dir='ltr'>bus</span> <span class='ocrx_word' id='word_1_21' title='bbox 198 885 261 966; x_wconf 87' lang='lat' dir='ltr'>vel</span> <span class='ocrx_word' id='word_1_22' title='bbox 277 887 583 972; x_wconf 88' lang='lat' dir='ltr'>conceffionibus</span> <span class='ocrx_word' id='word_1_23' title='bbox 600 892 648 974; x_wconf 91' lang='lat' dir='ltr'>de</span> <span class='ocrx_word' id='word_1_24' title='bbox 667 911 706 974; x_wconf 90' lang='lat' dir='ltr'>et</span> <span class='ocrx_word' id='word_1_25' title='bbox 726 893 837 1003; x_wconf 90' lang='lat' dir='ltr'>super</span> <span class='ocrx_word' id='word_1_26' title='bbox 855 893 1057 1004; x_wconf 77' lang='lat' dir='ltr'>praemissa</span> <span class='ocrx_word' id='word_1_27' title='bbox 1078 923 1151 1005; x_wconf 88' lang='lat' dir='ltr'>per</span> <span class='ocrx_word' id='word_1_28' title='bbox 1161 899 1377 1038; x_wconf 80' lang='lat' dir='ltr'>praesentes</span> <span class='ocrx_word' id='word_1_29' title='bbox 1392 926 1502 1009; x_wconf 87' lang='lat' dir='ltr'>prae·</span> 
     </span>
     <span class='ocr_line' id='line_1_5' title="bbox 117 1003 1362 1140; baseline 0.012 -42"><span class='ocrx_word' id='word_1_30' title='bbox 117 1003 298 1120; x_wconf 75' lang='lat' dir='ltr'>concessa,</span> <span class='ocrx_word' id='word_1_31' title='bbox 328 1024 391 1102; x_wconf 87' lang='lat' dir='ltr'>vel</span> <span class='ocrx_word' id='word_1_32' title='bbox 410 1023 458 1104; x_wconf 92' lang='lat' dir='ltr'>do</span> <span class='ocrx_word' id='word_1_33' title='bbox 486 1044 525 1105; x_wconf 89' lang='lat' dir='ltr'>et</span> <span class='ocrx_word' id='word_1_34' title='bbox 544 1023 657 1135; x_wconf 87' lang='lat' dir='ltr'>super</span> <span class='ocrx_word' id='word_1_35' title='bbox 675 1025 846 1140; x_wconf 86' lang='lat' dir='ltr'>aliquam</span> <span class='ocrx_word' id='word_1_36' title='bbox 868 1028 958 1110; x_wconf 92' lang='lat' dir='ltr'>inde</span> <span class='ocrx_word' id='word_1_37' title='bbox 977 1030 1203 1139; x_wconf 85' lang='lat' dir='ltr'>parcellam.</span> <span class='ocrx_word' id='word_1_38' title='bbox 1357 1043 1362 1051; x_wconf 84' lang='lat'><strong><em>‘</em></strong></span> 
     </span>
    </p>
   </div>
   <div class='ocr_carea' id='block_1_3' title="bbox 4 1231 1667 4865">
    <p class='ocr_par' dir='ltr' id='par_1_3' title="bbox 8 1231 1621 3111">
     <span class='ocr_line' id='line_1_6' title="bbox 167 1231 1621 1362; baseline 0.004 -38"><span class='ocrx_word' id='word_1_39' title='bbox 167 1231 382 1328; x_wconf 79' lang='lat' dir='ltr'>Duorruvs</span> <span class='ocrx_word' id='word_1_40' title='bbox 414 1265 535 1328; x_wconf 77' lang='lat' dir='ltr'>etiam</span> <span class='ocrx_word' id='word_1_41' title='bbox 549 1265 589 1329; x_wconf 92' lang='lat' dir='ltr'>et</span> <span class='ocrx_word' id='word_1_42' title='bbox 611 1249 880 1350; x_wconf 75' lang='lat' dir='ltr'>concessimus,</span> <span class='ocrx_word' id='word_1_43' title='bbox 910 1277 954 1334; x_wconf 87' lang='lat' dir='ltr'>ac</span> <span class='ocrx_word' id='word_1_44' title='bbox 973 1277 1043 1362; x_wconf 87' lang='lat' dir='ltr'>per</span> <span class='ocrx_word' id='word_1_45' title='bbox 1062 1249 1275 1362; x_wconf 83' lang='lat' dir='ltr'>praesentes</span> <span class='ocrx_word' id='word_1_46' title='bbox 1304 1278 1377 1360; x_wconf 90' lang='lat' dir='ltr'>pro</span> <span class='ocrx_word' id='word_1_47' title='bbox 1397 1251 1511 1336; x_wconf 87' lang='lat' dir='ltr'>nobis</span> <span class='ocrx_word' id='word_1_48' title='bbox 1613 1307 1621 1325; x_wconf 60' lang='grc'>,</span> 
     </span>
     <span class='ocr_line' id='line_1_7' title="bbox 8 1373 1507 1495; baseline 0.006 -38"><span class='ocrx_word' id='word_1_49' title='bbox 8 1481 16 1494; x_wconf 32' lang='grc'>1</span> <span class='ocrx_word' id='word_1_50' title='bbox 116 1373 324 1460; x_wconf 86' lang='lat' dir='ltr'>heredibus</span> <span class='ocrx_word' id='word_1_51' title='bbox 346 1397 385 1460; x_wconf 88' lang='lat' dir='ltr'>et</span> <span class='ocrx_word' id='word_1_52' title='bbox 406 1379 678 1466; x_wconf 79' lang='lat' dir='ltr'>successoribus</span> <span class='ocrx_word' id='word_1_53' title='bbox 698 1383 838 1468; x_wconf 87' lang='lat' dir='ltr'>nostris</span> <span class='ocrx_word' id='word_1_54' title='bbox 867 1384 1007 1468; x_wconf 85' lang='lat' dir='ltr'>damus</span> <span class='ocrx_word' id='word_1_55' title='bbox 1027 1404 1069 1467; x_wconf 91' lang='lat' dir='ltr'>ct</span> <span class='ocrx_word' id='word_1_56' title='bbox 1097 1385 1364 1482; x_wconf 82' lang='lat' dir='ltr'>concedimus,</span> <span class='ocrx_word' id='word_1_57' title='bbox 1392 1414 1507 1495; x_wconf 86' lang='lat' dir='ltr'>prae·</span> 
     </span>
     <span class='ocr_line' id='line_1_8' title="bbox 117 1510 1509 1631; baseline 0.006 -39"><span class='ocrx_word' id='word_1_58' title='bbox 117 1510 204 1594; x_wconf 86' lang='lat' dir='ltr'>satis</span> <span class='ocrx_word' id='word_1_59' title='bbox 236 1511 402 1598; x_wconf 81' lang='lat' dir='ltr'>Praesrdi</span> <span class='ocrx_word' id='word_1_60' title='bbox 431 1515 616 1601; x_wconf 86' lang='lat' dir='ltr'>Concilio</span> <span class='ocrx_word' id='word_1_61' title='bbox 640 1537 680 1600; x_wconf 92' lang='lat' dir='ltr'>et</span> <span class='ocrx_word' id='word_1_62' title='bbox 699 1518 904 1602; x_wconf 84' lang='lat' dir='ltr'>Sodalibus</span> <span class='ocrx_word' id='word_1_63' title='bbox 933 1519 1091 1631; x_wconf 82' lang='lat' dir='ltr'>Regalis</span> <span class='ocrx_word' id='word_1_64' title='bbox 1108 1518 1310 1602; x_wconf 90' lang='lat' dir='ltr'>Societatis</span> <span class='ocrx_word' id='word_1_65' title='bbox 1328 1517 1509 1604; x_wconf 90' lang='lat' dir='ltr'>Londiui</span> 
     </span>
     <span class='ocr_line' id='line_1_9' title="bbox 117 1647 1511 1762; baseline 0.007 -36"><span class='ocrx_word' id='word_1_66' title='bbox 117 1675 186 1755; x_wconf 89' lang='lat' dir='ltr'>pro</span> <span class='ocrx_word' id='word_1_67' title='bbox 222 1647 383 1732; x_wconf 84' lang='lat' dir='ltr'>scientia</span> <span class='ocrx_word' id='word_1_68' title='bbox 425 1653 596 1734; x_wconf 86' lang='lat' dir='ltr'>naturali</span> <span class='ocrx_word' id='word_1_69' title='bbox 635 1653 919 1762; x_wconf 89' lang='lat' dir='ltr'>promovenda,</span> <span class='ocrx_word' id='word_1_70' title='bbox 960 1672 1000 1737; x_wconf 87' lang='lat' dir='ltr'>et</span> <span class='ocrx_word' id='word_1_71' title='bbox 1037 1654 1314 1737; x_wconf 70' lang='lat' dir='ltr'>succesoribus</span> <span class='ocrx_word' id='word_1_72' title='bbox 1357 1652 1511 1738; x_wconf 88' lang='lat' dir='ltr'>suisio</span> 
     </span>
     <span class='ocr_line' id='line_1_10' title="bbox 117 1786 1510 1902; baseline 0.007 -39"><span class='ocrx_word' id='word_1_73' title='bbox 117 1800 364 1892; x_wconf 87' lang='lat' dir='ltr'>perpetuum,</span> <span class='ocrx_word' id='word_1_74' title='bbox 392 1788 499 1896; x_wconf 91' lang='lat' dir='ltr'>quod</span> <span class='ocrx_word' id='word_1_75' title='bbox 525 1786 593 1896; x_wconf 89' lang='lat' dir='ltr'>ipfi</span> <span class='ocrx_word' id='word_1_76' title='bbox 612 1805 652 1870; x_wconf 90' lang='lat' dir='ltr'>et</span> <span class='ocrx_word' id='word_1_77' title='bbox 670 1815 807 1872; x_wconf 88' lang='lat' dir='ltr'>eorum</span> <span class='ocrx_word' id='word_1_78' title='bbox 824 1787 1050 1874; x_wconf 82' lang='lat' dir='ltr'>successores</span> <span class='ocrx_word' id='word_1_79' title='bbox 1075 1789 1124 1870; x_wconf 87' lang='lat' dir='ltr'>de</span> <span class='ocrx_word' id='word_1_80' title='bbox 1142 1788 1355 1873; x_wconf 87' lang='lat' dir='ltr'>caeteruin</span> <span class='ocrx_word' id='word_1_81' title='bbox 1375 1815 1510 1902; x_wconf 75' lang='lat' dir='ltr'>perpe·</span> 
     </span>
     <span class='ocr_line' id='line_1_11' title="bbox 116 1906 1512 2035; baseline 0.006 -38"><span class='ocrx_word' id='word_1_82' title='bbox 116 1932 232 1998; x_wconf 89' lang='lat' dir='ltr'>tuum</span> <span class='ocrx_word' id='word_1_83' title='bbox 263 1918 434 2002; x_wconf 88' lang='lat' dir='ltr'>habeant</span> <span class='ocrx_word' id='word_1_84' title='bbox 465 1937 626 2006; x_wconf 85' lang='lat' dir='ltr'>teneant</span> <span class='ocrx_word' id='word_1_85' title='bbox 655 1941 695 2008; x_wconf 90' lang='lat' dir='ltr'>et</span> <span class='ocrx_word' id='word_1_86' title='bbox 724 1923 936 2035; x_wconf 77' lang='lat' dir='ltr'>gaudeant,</span> <span class='ocrx_word' id='word_1_87' title='bbox 967 1923 1185 2006; x_wconf 74' lang='lat' dir='ltr'>ac‘babere</span> <span class='ocrx_word' id='word_1_88' title='bbox 1206 1906 1395 2008; x_wconf 61' lang='lat' dir='ltr'>teuere&#39;et</span> <span class='ocrx_word' id='word_1_89' title='bbox 1413 1949 1512 2034; x_wconf 87' lang='lat' dir='ltr'>gau·</span> 
     </span>
     <span class='ocr_line' id='line_1_12' title="bbox 117 2051 1510 2172; baseline 0.007 -40"><span class='ocrx_word' id='word_1_90' title='bbox 117 2051 204 2132; x_wconf 91' lang='lat' dir='ltr'>dere</span> <span class='ocrx_word' id='word_1_91' title='bbox 222 2053 377 2138; x_wconf 86' lang='lat' dir='ltr'>valeant</span> <span class='ocrx_word' id='word_1_92' title='bbox 404 2074 444 2138; x_wconf 88' lang='lat' dir='ltr'>et</span> <span class='ocrx_word' id='word_1_93' title='bbox 477 2055 633 2167; x_wconf 76' lang='lat' dir='ltr'>possint,</span> <span class='ocrx_word' id='word_1_94' title='bbox 663 2056 768 2142; x_wconf 80' lang='lat' dir='ltr'>infra</span> <span class='ocrx_word' id='word_1_95' title='bbox 796 2055 1000 2170; x_wconf 76' lang='lat' dir='ltr'>praemissa</span> <span class='ocrx_word' id='word_1_96' title='bbox 1018 2056 1190 2172; x_wconf 80' lang='lat' dir='ltr'>superius</span> <span class='ocrx_word' id='word_1_97' title='bbox 1207 2087 1276 2169; x_wconf 93' lang='lat' dir='ltr'>per</span> <span class='ocrx_word' id='word_1_98' title='bbox 1293 2059 1510 2170; x_wconf 81' lang='lat' dir='ltr'>praesentes</span> 
     </span>
     <span class='ocr_line' id='line_1_13' title="bbox 71 2169 1512 2308; baseline 0.007 -42"><span class='ocrx_word' id='word_1_99' title='bbox 71 2203 73 2208; x_wconf 86' lang='grc'><strong><em>·</em></strong></span> <span class='ocrx_word' id='word_1_100' title='bbox 114 2185 395 2295; x_wconf 87' lang='lat' dir='ltr'>praeconceffa,</span> <span class='ocrx_word' id='word_1_101' title='bbox 425 2217 470 2273; x_wconf 88' lang='lat' dir='ltr'>ac</span> <span class='ocrx_word' id='word_1_102' title='bbox 490 2191 593 2274; x_wconf 86' lang='lat' dir='ltr'>infra</span> <span class='ocrx_word' id='word_1_103' title='bbox 610 2169 829 2308; x_wconf 82' lang='lat' dir='ltr'>quamlibet</span> <span class='ocrx_word' id='word_1_104' title='bbox 843 2193 934 2276; x_wconf 90' lang='lat' dir='ltr'>inde</span> <span class='ocrx_word' id='word_1_105' title='bbox 956 2192 1184 2302; x_wconf 87' lang='lat' dir='ltr'>parcellam,</span> <span class='ocrx_word' id='word_1_106' title='bbox 1212 2211 1273 2274; x_wconf 95' lang='lat' dir='ltr'>tot</span> <span class='ocrx_word' id='word_1_107' title='bbox 1291 2211 1398 2274; x_wconf 90' lang='lat' dir='ltr'>tanta</span> <span class='ocrx_word' id='word_1_108' title='bbox 1418 2192 1512 2276; x_wconf 87' lang='lat' dir='ltr'>talia</span> 
     </span>
     <span class='ocr_line' id='line_1_14' title="bbox 114 2321 1510 2439; baseline 0.006 -38"><span class='ocrx_word' id='word_1_109' title='bbox 114 2321 253 2404; x_wconf 89' lang='lat' dir='ltr'>eadem</span> <span class='ocrx_word' id='word_1_110' title='bbox 290 2323 514 2436; x_wconf 86' lang='lat' dir='ltr'>hujusmodi</span> <span class='ocrx_word' id='word_1_111' title='bbox 548 2344 590 2410; x_wconf 91' lang='lat' dir='ltr'>et</span> <span class='ocrx_word' id='word_1_112' title='bbox 622 2327 839 2413; x_wconf 74' lang='lat' dir='ltr'>consimilia</span> <span class='ocrx_word' id='word_1_113' title='bbox 868 2327 961 2439; x_wconf 86' lang='lat' dir='ltr'>jura</span> <span class='ocrx_word' id='word_1_114' title='bbox 989 2324 1279 2437; x_wconf 74' lang='lat' dir='ltr'>jurisdidiones</span> <span class='ocrx_word' id='word_1_115' title='bbox 1311 2327 1510 2410; x_wconf 83' lang='lat' dir='ltr'>libertates</span> 
     </span>
     <span class='ocr_line' id='line_1_15' title="bbox 113 2441 1536 2576; baseline 0.004 -39"><span class='ocrx_word' id='word_1_116' title='bbox 113 2456 349 2540; x_wconf 82' lang='lat' dir='ltr'>franchefias</span> <span class='ocrx_word' id='word_1_117' title='bbox 377 2441 677 2546; x_wconf 84' lang='lat' dir='ltr'>consuetudines</span> <span class='ocrx_word' id='word_1_118' title='bbox 704 2461 908 2576; x_wconf 85' lang='lat' dir='ltr'>privilegia</span> <span class='ocrx_word' id='word_1_119' title='bbox 927 2459 1103 2571; x_wconf 86' lang='lat' dir='ltr'>proficua</span> <span class='ocrx_word' id='word_1_120' title='bbox 1121 2460 1422 2546; x_wconf 87' lang='lat' dir='ltr'>commoditates</span> <span class='ocrx_word' id='word_1_121' title='bbox 1442 2463 1536 2568; x_wconf 48' lang='lat' dir='ltr'>ad„</span> 
     </span>
     <span class='ocr_line' id='line_1_16' title="bbox 113 2591 1514 2710; baseline 0.008 -40"><span class='ocrx_word' id='word_1_122' title='bbox 113 2591 298 2703; x_wconf 86' lang='lat' dir='ltr'>vantagia</span> <span class='ocrx_word' id='word_1_123' title='bbox 350 2596 623 2681; x_wconf 88' lang='lat' dir='ltr'>emolumenta</span> <span class='ocrx_word' id='word_1_124' title='bbox 670 2616 710 2680; x_wconf 93' lang='lat' dir='ltr'>et</span> <span class='ocrx_word' id='word_1_125' title='bbox 747 2595 1060 2680; x_wconf 86' lang='lat' dir='ltr'>hereditamenta</span> <span class='ocrx_word' id='word_1_126' title='bbox 1094 2623 1368 2710; x_wconf 88' lang='lat' dir='ltr'>quaecunque,</span> <span class='ocrx_word' id='word_1_127' title='bbox 1414 2617 1514 2708; x_wconf 90' lang='lat' dir='ltr'>quot</span> 
     </span>
     <span class='ocr_line' id='line_1_17' title="bbox 114 2730 1511 2844; baseline 0.004 -37"><span class='ocrx_word' id='word_1_128' title='bbox 114 2745 263 2837; x_wconf 89' lang='lat' dir='ltr'>quanta</span> <span class='ocrx_word' id='word_1_129' title='bbox 292 2730 423 2840; x_wconf 88' lang='lat' dir='ltr'>qualia</span> <span class='ocrx_word' id='word_1_130' title='bbox 453 2750 494 2815; x_wconf 90' lang='lat' dir='ltr'>et</span> <span class='ocrx_word' id='word_1_131' title='bbox 528 2759 642 2844; x_wconf 89' lang='lat' dir='ltr'>quae,</span> <span class='ocrx_word' id='word_1_132' title='bbox 672 2757 731 2838; x_wconf 47' lang='lat' dir='ltr'>ac,</span> <span class='ocrx_word' id='word_1_133' title='bbox 746 2731 841 2813; x_wconf 90' lang='lat' dir='ltr'>adeo</span> <span class='ocrx_word' id='word_1_134' title='bbox 872 2731 988 2841; x_wconf 85' lang='lat' dir='ltr'>plene</span> <span class='ocrx_word' id='word_1_135' title='bbox 1007 2731 1128 2813; x_wconf 89' lang='lat' dir='ltr'>libere</span> <span class='ocrx_word' id='word_1_136' title='bbox 1145 2750 1186 2812; x_wconf 92' lang='lat' dir='ltr'>et</span> <span class='ocrx_word' id='word_1_137' title='bbox 1203 2730 1368 2841; x_wconf 84' lang='lat' dir='ltr'>integre,</span> <span class='ocrx_word' id='word_1_138' title='bbox 1395 2759 1440 2814; x_wconf 89' lang='lat' dir='ltr'>ac</span> <span class='ocrx_word' id='word_1_139' title='bbox 1468 2730 1511 2812; x_wconf 89' lang='lat' dir='ltr'>in</span> 
     </span>
     <span class='ocr_line' id='line_1_18' title="bbox 111 2862 1511 2976; baseline 0.003 -34"><span class='ocrx_word' id='word_1_140' title='bbox 111 2879 199 2944; x_wconf 88' lang='lat' dir='ltr'>tam</span> <span class='ocrx_word' id='word_1_141' title='bbox 235 2864 378 2973; x_wconf 88' lang='lat' dir='ltr'>am&#39;plis</span> <span class='ocrx_word' id='word_1_142' title='bbox 408 2867 530 2951; x_wconf 90' lang='lat' dir='ltr'>modo</span> <span class='ocrx_word' id='word_1_143' title='bbox 562 2867 765 2963; x_wconf 86' lang='lat' dir='ltr'>et&#39;sorma,</span> <span class='ocrx_word' id='word_1_144' title='bbox 793 2881 914 2976; x_wconf 89' lang='lat' dir='ltr'>prout</span> <span class='ocrx_word' id='word_1_145' title='bbox 929 2862 1147 2974; x_wconf 77' lang='lat' dir='ltr'>praedidlus</span> <span class='ocrx_word' id='word_1_146' title='bbox 1173 2864 1367 2948; x_wconf 89' lang='lat' dir='ltr'>lohannes</span> <span class='ocrx_word' id='word_1_147' title='bbox 1385 2893 1511 2974; x_wconf 87' lang='lat' dir='ltr'>nuper</span> 
     </span>
     <span class='ocr_line' id='line_1_19' title="bbox 112 2995 1510 3111; baseline 0.002 -35"><span class='ocrx_word' id='word_1_148' title='bbox 112 2995 213 3082; x_wconf 87' lang='lat' dir='ltr'>Dux</span> <span class='ocrx_word' id='word_1_149' title='bbox 245 2999 572 3101; x_wconf 88' lang='lat' dir='ltr'>Northumbriae,</span> <span class='ocrx_word' id='word_1_150' title='bbox 602 3020 671 3086; x_wconf 87' lang='lat' dir='ltr'>aut</span> <span class='ocrx_word' id='word_1_151' title='bbox 694 2999 912 3111; x_wconf 81' lang='lat' dir='ltr'>praediRus</span> <span class='ocrx_word' id='word_1_152' title='bbox 929 2998 1235 3111; x_wconf 81' lang='lat' dir='ltr'>Praeposrms‘et</span> <span class='ocrx_word' id='word_1_153' title='bbox 1252 2998 1356 3081; x_wconf 89' lang='lat' dir='ltr'>Socii</span> <span class='ocrx_word' id='word_1_154' title='bbox 1376 2997 1510 3082; x_wconf 89' lang='lat' dir='ltr'>Colle-</span> 
     </span>
    </p>

    <p class='ocr_par' dir='ltr' id='par_1_4' title="bbox 38 3129 1513 3513">
     <span class='ocr_line' id='line_1_20' title="bbox 38 3129 1513 3253; baseline 0.005 -43"><span class='ocrx_word' id='word_1_155' title='bbox 38 3183 41 3190; x_wconf 88' lang='lat'>·</span> <span class='ocrx_word' id='word_1_156' title='bbox 111 3129 174 3239; x_wconf 88' lang='lat' dir='ltr'>gii</span> <span class='ocrx_word' id='word_1_157' title='bbox 192 3129 309 3243; x_wconf 87' lang='lat' dir='ltr'>Regis</span> <span class='ocrx_word' id='word_1_158' title='bbox 338 3135 470 3218; x_wconf 87' lang='lat' dir='ltr'>lacobi</span> <span class='ocrx_word' id='word_1_159' title='bbox 490 3135 531 3220; x_wconf 91' lang='lat' dir='ltr'>in</span> <span class='ocrx_word' id='word_1_160' title='bbox 552 3136 693 3253; x_wconf 82' lang='lat' dir='ltr'>Chelsey</span> <span class='ocrx_word' id='word_1_161' title='bbox 711 3161 832 3247; x_wconf 88' lang='lat' dir='ltr'>prope</span> <span class='ocrx_word' id='word_1_162' title='bbox 850 3131 1002 3219; x_wconf 63' lang='lat' dir='ltr'>Lindon</span> <span class='ocrx_word' id='word_1_163' title='bbox 1021 3161 1071 3216; x_wconf 81' lang='lat' dir='ltr'>ex</span> <span class='ocrx_word' id='word_1_164' title='bbox 1089 3132 1321 3218; x_wconf 85' lang='lat' dir='ltr'>fundatione</span> <span class='ocrx_word' id='word_1_165' title='bbox 1339 3133 1513 3246; x_wconf 87' lang='lat' dir='ltr'>ejusdem</span> 
     </span>
     <span class='ocr_line' id='line_1_21' title="bbox 108 3265 1509 3388; baseline 0.004 -43"><span class='ocrx_word' id='word_1_166' title='bbox 108 3265 246 3350; x_wconf 88' lang='lat' dir='ltr'>Iacobi</span> <span class='ocrx_word' id='word_1_167' title='bbox 278 3267 398 3382; x_wconf 88' lang='lat' dir='ltr'>Regis</span> <span class='ocrx_word' id='word_1_168' title='bbox 417 3270 606 3382; x_wconf 90' lang='lat' dir='ltr'>Angliae,</span> <span class='ocrx_word' id='word_1_169' title='bbox 633 3287 701 3353; x_wconf 88' lang='lat' dir='ltr'>aut</span> <span class='ocrx_word' id='word_1_170' title='bbox 719 3269 861 3380; x_wconf 86' lang='lat' dir='ltr'>aliquis</span> <span class='ocrx_word' id='word_1_171' title='bbox 895 3267 995 3351; x_wconf 88' lang='lat' dir='ltr'>alius</span> <span class='ocrx_word' id='word_1_172' title='bbox 1026 3267 1102 3348; x_wconf 75' lang='lat' dir='ltr'>sive</span> <span class='ocrx_word' id='word_1_173' title='bbox 1134 3267 1257 3379; x_wconf 91' lang='lat' dir='ltr'>aliqui</span> <span class='ocrx_word' id='word_1_174' title='bbox 1289 3267 1380 3388; x_wconf 68' lang='lat' dir='ltr'>atii,</span> <span class='ocrx_word' id='word_1_175' title='bbox 1399 3295 1509 3378; x_wconf 89' lang='lat' dir='ltr'>prae·</span> 
     </span>
     <span class='ocr_line' id='line_1_22' title="bbox 109 3388 1509 3513; baseline -0.002 -29"><span class='ocrx_word' id='word_1_176' title='bbox 109 3400 221 3485; x_wconf 76' lang='lat' dir='ltr'>diua</span> <span class='ocrx_word' id='word_1_177' title='bbox 237 3421 356 3484; x_wconf 86' lang='lat' dir='ltr'>terras</span> <span class='ocrx_word' id='word_1_178' title='bbox 370 3422 646 3488; x_wconf 88' lang='lat' dir='ltr'>tenementaet</span> <span class='ocrx_word' id='word_1_179' title='bbox 660 3425 809 3489; x_wconf 84' lang='lat' dir='ltr'>caetera</span> <span class='ocrx_word' id='word_1_180' title='bbox 827 3401 1030 3513; x_wconf 85' lang='lat' dir='ltr'>praemissa</span> <span class='ocrx_word' id='word_1_181' title='bbox 1044 3428 1140 3482; x_wconf 89' lang='lat' dir='ltr'>cum</span> <span class='ocrx_word' id='word_1_182' title='bbox 1154 3388 1233 3498; x_wconf 81' lang='lat' dir='ltr'>suis</span> <span class='ocrx_word' id='word_1_183' title='bbox 1246 3403 1509 3509; x_wconf 85' lang='lat' dir='ltr'>pertinentiis,</span> 
     </span>
    </p>

    <p class='ocr_par' dir='ltr' id='par_1_5' title="bbox 4 3535 1667 4730">
     <span class='ocr_line' id='line_1_23' title="bbox 4 3535 1510 3651; baseline -0.003 -31"><span class='ocrx_word' id='word_1_184' title='bbox 4 3587 6 3646; x_wconf 37' lang='lat' dir='ltr'>p</span> <span class='ocrx_word' id='word_1_185' title='bbox 106 3553 185 3620; x_wconf 88' lang='lat' dir='ltr'>aut</span> <span class='ocrx_word' id='word_1_186' title='bbox 218 3538 393 3651; x_wconf 88' lang='lat' dir='ltr'>aliquam</span> <span class='ocrx_word' id='word_1_187' title='bbox 423 3539 515 3622; x_wconf 89' lang='lat' dir='ltr'>inde</span> <span class='ocrx_word' id='word_1_188' title='bbox 534 3539 759 3650; x_wconf 87' lang='lat' dir='ltr'>parcellam,</span> <span class='ocrx_word' id='word_1_189' title='bbox 787 3565 968 3650; x_wconf 86' lang='lat' dir='ltr'>unquam</span> <span class='ocrx_word' id='word_1_190' title='bbox 994 3535 1161 3618; x_wconf 87' lang='lat' dir='ltr'>antehac</span> <span class='ocrx_word' id='word_1_191' title='bbox 1180 3535 1368 3617; x_wconf 91' lang='lat' dir='ltr'>habentes</span> <span class='ocrx_word' id='word_1_192' title='bbox 1397 3535 1510 3646; x_wconf 76' lang='lat' dir='ltr'>possi-</span> 
     </span>
     <span class='ocr_line' id='line_1_24' title="bbox 4 3669 1628 3780; baseline 0 -26"><span class='ocrx_word' id='word_1_193' title='bbox 4 3671 6 3766; x_wconf 72' lang='grc' dir='ltr'>ἰ</span> <span class='ocrx_word' id='word_1_194' title='bbox 103 3673 252 3756; x_wconf 88' lang='lat' dir='ltr'>dentes</span> <span class='ocrx_word' id='word_1_195' title='bbox 285 3692 354 3756; x_wconf 85' lang='lat' dir='ltr'>aut</span> <span class='ocrx_word' id='word_1_196' title='bbox 385 3674 498 3759; x_wconf 81' lang='lat' dir='ltr'>seisrti</span> <span class='ocrx_word' id='word_1_197' title='bbox 531 3675 623 3758; x_wconf 89' lang='lat' dir='ltr'>inde</span> <span class='ocrx_word' id='word_1_198' title='bbox 642 3673 862 3771; x_wconf 83' lang='lat' dir='ltr'>existentes,</span> <span class='ocrx_word' id='word_1_199' title='bbox 892 3671 1042 3754; x_wconf 89' lang='lat' dir='ltr'>habens</span> <span class='ocrx_word' id='word_1_200' title='bbox 1061 3669 1252 3780; x_wconf 75' lang='lat' dir='ltr'>possidens</span> <span class='ocrx_word' id='word_1_201' title='bbox 1271 3689 1340 3753; x_wconf 86' lang='lat' dir='ltr'>aut</span> <span class='ocrx_word' id='word_1_202' title='bbox 1364 3669 1512 3760; x_wconf 85' lang='lat' dir='ltr'>seifitus</span> <span class='ocrx_word' id='word_1_203' title='bbox 1583 3689 1585 3699; x_wconf 83' lang='lat'>&#39;</span> <span class='ocrx_word' id='word_1_204' title='bbox 1623 3755 1628 3760; x_wconf 73' lang='grc'><strong>,</strong></span> 
     </span>
     <span class='ocr_line' id='line_1_25' title="bbox 4 3805 1513 3924; baseline 0 -35"><span class='ocrx_word' id='word_1_205' title='bbox 4 3836 33 3903; x_wconf 46' lang='grc' dir='ltr'><strong><em>ῃ</em></strong></span> <span class='ocrx_word' id='word_1_206' title='bbox 100 3809 207 3890; x_wconf 88' lang='lat' dir='ltr'>inde</span> <span class='ocrx_word' id='word_1_207' title='bbox 225 3806 407 3907; x_wconf 84' lang='lat' dir='ltr'>existens,</span> <span class='ocrx_word' id='word_1_208' title='bbox 438 3837 617 3924; x_wconf 89' lang='lat' dir='ltr'>unquam</span> <span class='ocrx_word' id='word_1_209' title='bbox 635 3810 859 3894; x_wconf 90' lang='lat' dir='ltr'>habuerunt</span> <span class='ocrx_word' id='word_1_210' title='bbox 892 3823 1105 3890; x_wconf 90' lang='lat' dir='ltr'>tenuerunt</span> <span class='ocrx_word' id='word_1_211' title='bbox 1122 3805 1179 3888; x_wconf 85' lang='lat' dir='ltr'>usr</span> <span class='ocrx_word' id='word_1_212' title='bbox 1204 3805 1265 3887; x_wconf 82' lang='lat' dir='ltr'>vel</span> <span class='ocrx_word' id='word_1_213' title='bbox 1290 3805 1408 3916; x_wconf 81' lang='lat' dir='ltr'>gavisa</span> <span class='ocrx_word' id='word_1_214' title='bbox 1427 3807 1513 3889; x_wconf 92' lang='lat' dir='ltr'>fue-</span> 
     </span>
     <span class='ocr_line' id='line_1_26' title="bbox 4 3921 1512 4055; baseline -0.003 -29"><span class='ocrx_word' id='word_1_215' title='bbox 4 3969 6 3984; x_wconf 74' lang='lat'>¹</span> <span class='ocrx_word' id='word_1_216' title='bbox 100 3960 221 4043; x_wconf 88' lang='lat' dir='ltr'>runt,</span> <span class='ocrx_word' id='word_1_217' title='bbox 251 3941 392 4026; x_wconf 90' lang='lat' dir='ltr'>habuit</span> <span class='ocrx_word' id='word_1_218' title='bbox 410 3945 539 4028; x_wconf 90' lang='lat' dir='ltr'>tenuit</span> <span class='ocrx_word' id='word_1_219' title='bbox 564 3945 656 4030; x_wconf 90' lang='lat' dir='ltr'>usus</span> <span class='ocrx_word' id='word_1_220' title='bbox 674 3945 737 4026; x_wconf 87' lang='lat' dir='ltr'>vel</span> <span class='ocrx_word' id='word_1_221' title='bbox 758 3942 911 4054; x_wconf 87' lang='lat' dir='ltr'>gavisus</span> <span class='ocrx_word' id='word_1_222' title='bbox 930 3940 1023 4040; x_wconf 90' lang='lat' dir='ltr'>suit,</span> <span class='ocrx_word' id='word_1_223' title='bbox 1050 3940 1117 4024; x_wconf 93' lang='lat' dir='ltr'>seu</span> <span class='ocrx_word' id='word_1_224' title='bbox 1135 3939 1278 4024; x_wconf 90' lang='lat' dir='ltr'>habere</span> <span class='ocrx_word' id='word_1_225' title='bbox 1296 3921 1432 4055; x_wconf 84' lang='lat' dir='ltr'>tenere</span> <span class='ocrx_word' id='word_1_226' title='bbox 1451 3943 1512 4024; x_wconf 94' lang='lat' dir='ltr'>uti</span> 
     </span>
     <span class='ocr_line' id='line_1_27' title="bbox 5 4074 1511 4192; baseline -0.002 -32"><span class='ocrx_word' id='word_1_227' title='bbox 5 4117 6 4126; x_wconf 29' lang='grc' dir='ltr'>ι</span> <span class='ocrx_word' id='word_1_228' title='bbox 99 4078 176 4160; x_wconf 84' lang='lat' dir='ltr'>vel</span> <span class='ocrx_word' id='word_1_229' title='bbox 198 4076 367 4192; x_wconf 89' lang='lat' dir='ltr'>gaudere</span> <span class='ocrx_word' id='word_1_230' title='bbox 401 4079 618 4163; x_wconf 88' lang='lat' dir='ltr'>debuerunt</span> <span class='ocrx_word' id='word_1_231' title='bbox 650 4097 718 4164; x_wconf 89' lang='lat' dir='ltr'>aut</span> <span class='ocrx_word' id='word_1_232' title='bbox 750 4074 896 4175; x_wconf 89' lang='lat' dir='ltr'>debuit,</span> <span class='ocrx_word' id='word_1_233' title='bbox 925 4075 967 4157; x_wconf 88' lang='lat' dir='ltr'>in</span> <span class='ocrx_word' id='word_1_234' title='bbox 994 4075 1208 4186; x_wconf 89' lang='lat' dir='ltr'>praemislis</span> <span class='ocrx_word' id='word_1_235' title='bbox 1236 4077 1410 4186; x_wconf 92' lang='lat' dir='ltr'>superius</span> <span class='ocrx_word' id='word_1_236' title='bbox 1440 4079 1511 4184; x_wconf 80' lang='lat' dir='ltr'>pe&#39;r</span> 
     </span>
     <span class='ocr_line' id='line_1_28' title="bbox 98 4209 1510 4327; baseline 0.002 -34.815"><span class='ocrx_word' id='word_1_237' title='bbox 98 4211 329 4323; x_wconf 86' lang='lat' dir='ltr'>praesentes</span> <span class='ocrx_word' id='word_1_238' title='bbox 358 4213 647 4324; x_wconf 86' lang='lat' dir='ltr'>praeconcessis‚</span> <span class='ocrx_word' id='word_1_239' title='bbox 678 4229 747 4298; x_wconf 86' lang='lat' dir='ltr'>aut</span> <span class='ocrx_word' id='word_1_240' title='bbox 779 4209 936 4327; x_wconf 87' lang='lat' dir='ltr'>aliqua</span> <span class='ocrx_word' id='word_1_241' title='bbox 943 4210 1036 4292; x_wconf 89' lang='lat' dir='ltr'>inde</span> <span class='ocrx_word' id='word_1_242' title='bbox 1067 4210 1308 4324; x_wconf 87' lang='lat' dir='ltr'>parcella,</span> <span class='ocrx_word' id='word_1_243' title='bbox 1279 4210 1428 4292; x_wconf 89' lang='lat' dir='ltr'>ratione</span> <span class='ocrx_word' id='word_1_244' title='bbox 1446 4211 1510 4295; x_wconf 91' lang='lat' dir='ltr'>vel</span> 
     </span>
     <span class='ocr_line' id='line_1_29' title="bbox 4 4319 1667 4460; baseline 0.001 -32"><span class='ocrx_word' id='word_1_245' title='bbox 4 4337 6 4395; x_wconf 65' lang='grc' dir='ltr'><strong>ἓ</strong></span> <span class='ocrx_word' id='word_1_246' title='bbox 99 4364 315 4456; x_wconf 83' lang='lat' dir='ltr'>praetextu</span> <span class='ocrx_word' id='word_1_247' title='bbox 345 4349 509 4460; x_wconf 88' lang='lat' dir='ltr'>alicujus</span> <span class='ocrx_word' id='word_1_248' title='bbox 541 4349 699 4438; x_wconf 88' lang='lat' dir='ltr'>charrae</span> <span class='ocrx_word' id='word_1_249' title='bbox 730 4345 824 4430; x_wconf 89' lang='lat' dir='ltr'>doni</span> <span class='ocrx_word' id='word_1_250' title='bbox 843 4319 1096 4431; x_wconf 75' lang='lat' dir='ltr'>concessionis</span> <span class='ocrx_word' id='word_1_251' title='bbox 1114 4347 1177 4426; x_wconf 89' lang='lat' dir='ltr'>vel</span> <span class='ocrx_word' id='word_1_252' title='bbox 1195 4342 1521 4432; x_wconf 72' lang='lat' dir='ltr'>confirmationis?</span> <span class='ocrx_word' id='word_1_253' title='bbox 1664 4422 1667 4429; x_wconf 90' lang='lat'>.</span> 
     </span>
     <span class='ocr_line' id='line_1_30' title="bbox 5 4465 1506 4597; baseline -0.001 -34"><span class='ocrx_word' id='word_1_254' title='bbox 5 4488 6 4498; x_wconf 69' lang='lat'><em>&#39;</em></span> <span class='ocrx_word' id='word_1_255' title='bbox 97 4508 180 4592; x_wconf 88' lang='lat' dir='ltr'>per</span> <span class='ocrx_word' id='word_1_256' title='bbox 203 4509 275 4564; x_wconf 88' lang='lat' dir='ltr'>nos</span> <span class='ocrx_word' id='word_1_257' title='bbox 294 4483 359 4566; x_wconf 91' lang='lat' dir='ltr'>seu</span> <span class='ocrx_word' id='word_1_258' title='bbox 388 4483 564 4597; x_wconf 85' lang='lat' dir='ltr'>aliquem</span> <span class='ocrx_word' id='word_1_259' title='bbox 581 4482 878 4595; x_wconf 89' lang='lat' dir='ltr'>progenitorum</span> <span class='ocrx_word' id='word_1_260' title='bbox 898 4484 962 4565; x_wconf 86' lang='lat' dir='ltr'>vel</span> <span class='ocrx_word' id='word_1_261' title='bbox 981 4478 1264 4567; x_wconf 84' lang='lat' dir='ltr'>antecessorum</span> <span class='ocrx_word' id='word_1_262' title='bbox 1283 4465 1506 4565; x_wconf 86' lang='lat' dir='ltr'>nostrorum</span> 
     </span>
     <span class='ocr_line' id='line_1_31' title="bbox 5 4601 1506 4752; baseline -0.001 -56"><span class='ocrx_word' id='word_1_263' title='bbox 5 4629 6 4638; x_wconf 71' lang='lat'>‘</span> <span class='ocrx_word' id='word_1_264' title='bbox 93 4641 235 4752; x_wconf 80' lang='lat' dir='ltr'>rauper</span> <span class='ocrx_word' id='word_1_265' title='bbox 254 4601 414 4729; x_wconf 82' lang='lat' dir='ltr'>Regum</span> <span class='ocrx_word' id='word_1_266' title='bbox 432 4623 497 4704; x_wconf 87' lang='lat' dir='ltr'>vel</span> <span class='ocrx_word' id='word_1_267' title='bbox 516 4621 762 4730; x_wconf 79' lang='lat' dir='ltr'>Reginorum</span> <span class='ocrx_word' id='word_1_268' title='bbox 780 4617 952 4730; x_wconf 89' lang='lat' dir='ltr'>Angliae</span> <span class='ocrx_word' id='word_1_269' title='bbox 973 4617 1143 4702; x_wconf 88' lang='lat' dir='ltr'>antehac</span> <span class='ocrx_word' id='word_1_270' title='bbox 1174 4615 1406 4702; x_wconf 85' lang='lat' dir='ltr'>habitorum</span> <span class='ocrx_word' id='word_1_271' title='bbox 1425 4615 1506 4704; x_wconf 64' lang='lat' dir='ltr'>sac,-</span> 
     </span>
    </p>

    <p class='ocr_par' dir='ltr' id='par_1_6' title="bbox 733 4755 1505 4865">
     <span class='ocr_line' id='line_1_32' title="bbox 733 4755 1505 4865; baseline -0.004 -30"><span class='ocrx_word' id='word_1_272' title='bbox 733 4755 815 4865; x_wconf 79' lang='lat' dir='ltr'>gz</span> <span class='ocrx_word' id='word_1_273' title='bbox 1369 4769 1505 4834; x_wconf 87' lang='lat' dir='ltr'>torum</span> 
     </span>
    </p>
   </div>
   <div class='ocr_carea' id='block_1_4' title="bbox 0 0 1918 5234">
    <p class='ocr_par' dir='ltr' id='par_1_7' title="bbox 0 0 1918 5234">
     <span class='ocr_line' id='line_1_33' title="bbox 0 0 1918 5234; baseline 0 2"><span class='ocrx_word' id='word_1_274' title='bbox 0 0 1918 5234; x_wconf 95' lang='lat' dir='ltr'> </span> 
     </span>
    </p>
   </div>
  </div>
 </body>
</html>
