3825 5234
378 417 760 504 nultra
833 398 1210 504 sunnin
1660 431 1715 523 47

100 561 219 672 millis
239 577 280 660 in
299 578 362 662 his
376 567 652 690 praesentibus,
679 601 725 664 ut
743 581 972 692 praefertur,
1002 581 1213 676 reservatis,
1240 595 1280 662 et
1296 607 1363 690 per
1381 556 1515 690 prae-s

100 715 200 796 fatos
215 715 431 799 Praesidem
438 716 665 798 Concilium
676 737 716 799 et
728 717 889 801 sodales,
898 717 1054 827 Regalis
1062 715 1264 800 Societatis
1273 715 1498 827 praedidae

97 868 135 930 et
174 848 401 935 successores
435 853 521 933 suos
555 849 785 934 solubilibus
802 852 954 936 ‘fiendis
991 827 1089 934 ¹seu
1117 852 1421 964 performandis)
1439 849 1489 930 de

93 986 304 1092 praemiffis
334 1013 403 1095 per
422 986 635 1094 praesentes
654 987 941 1100 praeconceffis,
969 986 1033 1069 seu
1052 987 1100 1068 de
1119 988 1251 1100 aliqua
1269 987 1360 1070 inde
1377 1003 1488 1096 parte

94 1120 158 1200 vel
179 1123 365 1230 parcella,
391 1121 505 1204 nobis
520 1119 724 1206 heredibus
743 1124 807 1205 vel
832 1120 1108 1207 successoribus
1134 1121 1276 1207 nostris
1304 1120 1485 1204 exeunti·

92 1255 163 1338 bus
184 1257 247 1339 seu
266 1257 473 1357 solvendis,
492 1261 554 1341 vel
567 1261 769 1370 superinde
781 1259 909 1365 versus
924 1286 996 1341 nos
1006 1258 1167 1340 heredes
1179 1257 1243 1338 vel
1257 1254 1484 1340 successores

90 1391 241 1474 nostros
269 1397 439 1478 oneratis
471 1397 535 1478 seu
562 1396 786 1493 onerandis,
816 1394 998 1503 praefatis
1027 1392 1193 1476 Praesrdi
1223 1393 1410 1477 Concilio
1443 1409 1483 1472 et

89 1528 294 1610 Sodalibus
309 1531 464 1642 Regalis
482 1530 683 1614 Societatis
701 1530 912 1639 praedidiae
931 1548 972 1610 et
995 1525 1267 1610 successoribus
1281 1526 1357 1609 suis
1383 1527 1481 1610 faci-

75 1657 172 1763 ent,
203 1683 241 1746 et
261 1665 503 1776 de'tempore
539 1665 582 1748 in
611 1685 768 1778 tempus
782 1664 879 1747 ‘fieri
899 1664 1132 1746 causabuut:
1162 1665 1217 1745 Et
1236 1661 1310 1744 hae
1325 1663 1478 1755 Literae

83 1796 238 1882 nostrae
251 1818 438 1907 patentes,
466 1800 528 1882 vel
547 1803 892 1884 irrotulamentum
916 1799 1141 1897 earundem,
1170 1818 1284 1882 eruut
1308 1800 1356 1882 de
1375 1817 1479 1894 tem·

80 1960 178 2042 pore
197 1932 238 2014 in
258 1954 429 2045 tempus,
457 1956 540 2017 tam
560 1935 672 2018 dietis
685 1934 1035 2020 Commiffionariis
1048 1963 1119 2044 pro
1137 1927 1318 2018 thesauro
1332 1934 1479 2034 nostro,

79 2067 364 2167 Thesaurario,
376 2071 638 2168 Cancellario,
658 2088 696 2153 et
711 2070 1134 2156 Batonibus-Scaccatii
1152 2068 1272 2151 noslri
1288 2069 1478 2152 heredum

78 2222 121 2284 et
140 2199 400 2286 successorum
415 2205 1127 2316 nostrorumprotemporeexistente,
1154 2204 1481 2316 quamomnibus
1510 2185 1515 2192 ⁸

78 2357 119 2419 et
141 2338 307 2450 singulis
329 2341 601 2444 Auditoribus,
631 2360 671 2425 et
699 2342 783 2425 aliis
802 2340 1016 2440 officiariis,
1044 2359 1084 2423 et
1116 2336 1302 2440 ministris
1333 2337 1481 2422 nostris
1566 2329 1571 2340 ¹

10 2583 11 2586 p
75 2471 273 2556 heredum
290 2492 330 2555 et
348 2472 606 2560 successorum
633 2479 855 2562 nostrorum
874 2476 1174 2591 quibuscunque
1196 2505 1266 2586 pro
1298 2493 1481 2584 tempore

10 2611 12 2670 ἲ
73 2607 281 2709 existente,
311 2610 505 2694 sufficiens
520 2633 762 2698 warrantum
779 2634 817 2696 et
836 2613 1066 2698 exoneratio
1080 2613 1126 2695 in
1140 2613 1217 2695 hac
1234 2627 1365 2724 parte.

10 2801 11 2804 Ὺ
131 2814 321 2897 Encvut
344 2843 420 2896 uos
452 2844 520 2924 per
546 2815 700 2901 Literas
729 2819 873 2902 nostras
900 2836 1090 2929 patentes,
1116 2834 1295 2929 gerentes
1328 2814 1466 2896 datum
1478 2843 1580 2904 natet
1592 2851 1630 2907 or·

10 2967 11 3034 ἴ
69 2949 185 3057 apud
216 2948 613 3034 westmonasterium
640 2952 822 3037 vicesimo
850 2953 1020 3036 secundo
1051 2953 1115 3034 die
1153 2950 1318 3060 Aprilis,
1363 2914 1643 3048 annolll‘sassll]
1659 2923 1693 2981 οἷ’

10 3126 12 3208 p
66 3084 188 3196 regni
210 3087 329 3169 nostri
354 3087 507 3171 decimo
529 3091 689 3203 quinto,
714 3087 878 3174 Praestdi
899 3087 1086 3174 Concilio
1103 3108 1142 3171 et
1161 3085 1367 3170 Sodalibus
1385 3087 1466 3168 Re·
1478 3055 1602 3116 elme*

10 3223 12 3313 l
67 3221 176 3330 galis
191 3221 397 3304 Societatis
419 3224 634 3332 praedictae
661 3223 795 3321 saetas,
825 3223 928 3305 inter
947 3223 1024 3310 alia
1042 3223 1298 3308 concessimus
1318 3223 1468 3331 praesa·

10 3334 14 3422 l
63 3357 122 3436 tis
140 3357 304 3438 Praefidi
319 3355 505 3440 Concilio
521 3377 561 3439 et
575 3357 780 3442 Sodalibus
791 3358 1006 3466 praedictae
1017 3357 1177 3466 Regalis
1192 3358 1409 3456 Societatis,
1427 3378 1473 3439 etv

62 3490 348 3574 succesibribus
368 3491 445 3573 suis
470 3493 513 3572 iu
543 3512 791 3602 perpetuum,
822 3493 931 3604 quod
959 3492 987 3573 sr
1015 3490 1225 3604 contigerit
1251 3490 1471 3575 Praesident

59 3627 246 3736 ejusdem
256 3625 413 3744 Regalis
427 3627 630 3710 Societatis
644 3655 716 3738 pro
735 3628 911 3737 tempore
930 3626 1117 3710 existente
1143 3617 1392 3738 aegritudine
1400 3627 1468 3709 vel

10 3801 11 3806 Ν
56 3761 73 3777 ”
86 3761 301 3843 rfirmitate
320 3761 499 3860 detineri,
529 3763 591 3844 vel
605 3761 650 3843 in
669 3761 822 3848 servitio
841 3763 973 3847 nostro
987 3751 1181 3877 heredum
1197 3762 1260 3846 vel
1278 3761 1468 3846 succeffir·

55 3925 164 3979 rum
184 3895 410 3980 nostrorum
427 3895 580 3994 versari,
610 3900 678 3980 vel
696 3898 808 3979 aliter
823 3895 896 3979 effe
915 3917 1175 4007 occupatum„
1197 3898 1251 3982 ita
1268 3899 1381 4010 quod
1396 3927 1469 3982 ne·

54 4030 234 4115 ceffutiis
254 4032 423 4142 negotiis
443 4032 614 4142 ejusdem
647 4031 806 4144 Regalis
840 4031 1042 4113 Societatis
1068 4033 1252 4116 officium
1278 4033 1468 4116 Praesidis

52 4166 329 4278 tangentibus·
343 4169 538 4249 attendere
562 4194 644 4248 non
664 4167 809 4276 poterit
819 4197 841 4285 ς,
862 4167 969 4281 quod
988 4184 1090 4249 tuuc
1098 4185 1144 4249 et
1154 4166 1271 4250 toties
1290 4169 1389 4248 bene
1407 4165 1463 4247 li·

48 4321 148 4385 ceat
185 4317 224 4381 et
255 4298 387 4382 licebit
420 4302 548 4384 eidem
569 4301 734 4384 Ptaefidi
764 4304 813 4383 fic
834 4300 993 4383 detento
1009 4301 1157 4384 versato
1182 4303 1246 4406 vel
1269 4319 1470 4416 occupato

43 4463 175 4523 unum
190 4435 237 4517 de
262 4435 449 4520 Concilio
457 4437 672 4546 praedictae
691 4435 848 4546 Regalis
869 4435 1068 4522 Societatis
1087 4464 1158 4548 pro
1181 4455 1363 4547 tempore·
1376 4435 1466 4520 eai-

616 4603 629 4636 ¹
648 4600 692 4659 Sir
704 4602 733 4658 in
744 4594 908 4658 Anthentic·

1317 4676 1461 4777 lbenxe,
