3825 5234
188 345 241 452 4⁶
502 473 505 484 Ι
684 361 1063 458 CHARTA.
1136 349 1508 454 TERTIA.

186 517 189 520 ’
412 547 506 606 curn
524 545 662 606 eorum
680 519 924 630 pertinentiis
957 518 1157 619 universis,
1185 518 1233 598 de
1250 537 1290 600 et
1319 518 1371 602 ab
1395 520 1581 604 omnibus
1605 537 1645 604 et
1667 522 1799 606 omni·
1843 612 1848 623 ⁸
1903 508 1904 555 ¹

411 654 542 739 modis
561 653 745 739 corrodiis
768 653 981 737 redditibus
1000 653 1122 736 feodis
1134 653 1301 736 servitiis
1318 653 1587 737 annuitatibus
1605 657 1799 764 pensroui·

407 788 481 872 bus
495 788 738 900 portionibus
752 817 796 872 ac
808 789 1057 872 denariorum
1072 788 1237 871 summis
1251 813 1297 871 ac
1310 791 1493 874 oneribus
1502 789 1799 903 quibuscunque

406 923 455 1006 de
473 924 699 1035 praemissis,
726 925 791 1008 seu
813 923 942 1035 aliqua
962 923 1052 1005 inde
1065 923 1246 1033 parcella,
1270 924 1386 1006 nobis
1400 923 1608 1006 heredibus
1626 925 1689 1004 v'el
1705 925 1797 1006 suc·

406 1059 613 1144 sessoribus
632 1059 773 1143 nostris
791 1058 1024 1156 exeuntibus
1043 1059 1107 1139 vel
1126 1057 1334 1158 solvendis,
1364 1060 1426 1141 vel
1445 1058 1647 1168 superinde
1664 1059 1796 1142 versus

404 1221 478 1279 nos
497 1193 657 1276 heredes
675 1196 737 1275 vel
756 1190 982 1274 successores
994 1192 1144 1274 nostros
1160 1192 1331 1277 oneraris
1349 1194 1413 1274 vel
1432 1194 1664 1288 onerandis3
1683 1204 1796 1302 prae·
1903 1266 1904 1295 ,

402 1347 583 1442 terquam
602 1333 651 1412 de
677 1327 890 1410 redditibus
910 1324 1072 1408 servitiis
1096 1344 1135 1408 et
1153 1327 1301 1408 tenuris
1322 1327 1493 1435 superius
1518 1327 1561 1408 in
1592 1327 1655 1410 his
1678 1355 1795 1437 prae·
1903 1304 1904 1377 Ψ

402 1465 572 1548 sentibus
605 1461 718 1545 nobis
751 1459 957 1543 heredibus
982 1479 1022 1542 et
1052 1460 1326 1543 successoribus
1348 1461 1488 1554 nostris
1507 1461 1717 1560 reservatis,
1747 1489 1796 1544 ac

319 1609 322 1616 '
399 1617 671 1714 praeterquam
688 1708 691 1713 Ι
706 1596 754 1680 de
783 1594 1068 1680 dimissionibus
1099 1616 1139 1678 et
1170 1595 1476 1679 concessionibus
1506 1594 1553 1677 de
1581 1595 1793 1704 praemiffis

319 1765 324 1770 ·
398 1735 462 1815 seu
482 1735 529 1816 de
544 1733 673 1843 aliqua
699 1732 790 1814 inde
816 1731 986 1840 parcella
1003 1730 1168 1814 antehac
1185 1729 1311 1828 fadis,
1342 1759 1387 1814 ac
1405 1729 1728 1815 conventionibus
1751 1749 1806 1836 et,

399 1866 691 1950 'conditionibus
706 1864 746 1946 in
769 1862 905 1946 iisdem
919 1865 1188 1962 existentibus,
1212 1892 1261 1946 ac
1276 1864 1604 1948 conventionibus
1621 1883 1661 1945 et
1691 1891 1790 1947 one·

398 2000 518 2106 ribus,
538 2027 646 2112 ‚quae
673 1998 814 2110 aliquis
838 1997 1034 2082 firmarius
1063 1999 1128 2084 seu
1149 1999 1271 2110 aliqui
1300 1998 1461 2111 firmarii
1490 1995 1788 2106 praemissorum

395 2136 545 2250 ratione
564 2136 862 2219 indenturarum
880 2152 920 2215 et
937 2132 1206 2219 dimissionem
1232 2132 1391 2216 suarum
1420 2133 1547 2216 facere
1572 2151 1612 2214 et
1642 2159 1790 2217 exone·

393 2299 476 2357 rare
494 2271 938 2356 teneturseurenentur..
1687 2273 1690 2281 '

399 2579 404 2587 ²
450 2481 832 2579 Vosvnrvsetiam,
863 2467 1003 2588 ac'per
1030 2477 1247 2588 praesentes
1265 2504 1336 2586 pro
1365 2478 1480 2561 nobis
1504 2477 1710 2561 heredibus
1745 2497 1788 2560 et

391 2615 670 2698 succefloribus
708 2603 850 2698 ‘nostris
896 2611 1061 2696 firmiter
1108 2611 1351 2724 injungendo
1385 2613 1660 2723 praecipimus,
1699 2633 1788 2695 tarn
1903 2638 1904 2643 ‘

300 2751 304 2766 '
392 2739 835 2864 Commissionariiapro
854 2742 1034 2834 thesauro
1067 2751 1211 2846 nostro,
1238 2746 1513 2863 Thesaurario,
1541 2748 1791 2850 Camerario,

252 2963 256 2970 f
392 2867 724 2984 Subthesaurario,
754 2905 795 2993 et
822 2884 1038 2983 Batonibus
1061 2883 1266 2967 Scaocarii'
1276 2881 1395 2964 nostri
1423 2883 1615 2966 heredum
1633 2903 1673 2965 et
1698 2882 1787 2965 suc·

384 3015 823 3106 cestorumnostrorur'n
848 3019 917 3128 pro
938 3022 1113 3126 tempore
1146 3015 1344 3123 existente,
1371 3044 1492 3128 quam
1523 3016 1708 3116 omnibus
1741 3036 1783 3100 et
1903 2992 1904 3035 Ψ

322 3211 341 3221 ·-
384 3155 547 3266 ‘fingulis
568 3153 838 3254 Auditoribus,
860 3172 905 3236 et
925 3151 1010 3250 abiis
1028 3150 1242 3251 officiariis,
1271 3169 1311 3233 et
1331 3151 1519 3234 ministris
1550 3151 1689 3236 nostris
1708 3151 1783 3234 he·

387 3288 526 3398 redum
545 3305 585 3369 et
601 3285 860 3370 suceessorum
879 3285 1101 3383 nostrorum
1110 3286 1411 3399 quibuscunque
1430 3311 1501 3395 pro
1521 3307 1694 3396 tempore
1709 3300 1784 3370 'ex-

387 3421 548 3520 istente3
565 3422 672 3534 quod
688 3422 755 3533 ipsr
769 3427 960 3506 eteorum
973 3422 1137 3533 quilibet
1154 3422 1266 3530 super
1275 3419 1396 3504 solam
1409 3420 1781 3508 demonstrationem

302 3618 306 3624 .
385 3538 530 3640 harum
567 3557 796 3672 Literarum
833 3559 1099 3670 nostrarorurn
1130 3559 1366 3666 patentium,
1396 3556 1460 3636 vel
1488 3555 1781 3640 irrotulamenti

385 3694 609 3790 earundem,
638 3692 780 3801 absque
800 3691 931 3801 aliquo
952 3691 1030 3772 alio
1051 3689 1159 3770 brevi
1181 3690 1245 3772 seu
1265 3711 1462 3785 warranto
1482 3690 1633 3774 anobis
1664 3691 1778 3773 here·

384 3825 497 3908 dibus
512 3826 574 3906 vel
592 3821 1018 3910 successoribusnostris
1031 3807 1327 3941 quoquomodo
1340 3825 1585 3936 impetrando
1604 3827 1666 3908 seu
1685 3854 1780 3934 pro·-

381 3959 590 4074 sequcndo,
619 3955 777 4068 plenam
795 3957 991 4070 integram
1006 3959 1256 4072 debitamque
1275 3961 1551 4045 allocationern
1569 3979 1609 4043 et
1627 3988 1778 4044 exone·

275 4097 282 4102 “
382 4095 577 4179 rationem
596 4093 844 4178 manifestam
871 4097 920 4176 de
954 4113 994 4176 et
1022 4093 1072 4176 ab
1089 4096 1277 4180 omnibus
1304 4115 1343 4178 et
1367 4095 1610 4179 omnimodis
1636 4094 1779 4205 hujus-

379 4229 489 4312 modi
507 4227 696 4313 corrodiis
715 4228 928 4311 redditibus
947 4229 1072 4311 feodis
1090 4230 1335 4337 pensionibus
1363 4232 1609 4342 portionibus
1628 4251 1668 4314 et
1697 4231 1773 4315 de-

319 4437 326 4452 .
378 4362 578 4446 uariorum
597 4364 762 4450 summis
791 4393 836 4448 ac
857 4359 1051 4448 voneribus
1076 4365 1372 4478 quibuscunque
1400 4369 1688 4480 (praeterquam
1721 4367 1787 4456 de'

365 4493 538 4586 servitiis
555 4499 769 4586 redditibus
791 4498 936 4588 tenuris
952 4527 996 4584 ac
1016 4498 1215 4612 arreragiis
1234 4501 1405 4589 redditus
1422 4531 1468 4588 ac
1482 4501 1642 4590 caeteris
1658 4489 1775 4613 prae-

362 4667 366 4670 ’
1649 4635 1772 4721 missis
