3825 5234
143 257 221 428 ’,μ
675 259 1502 424 cn'an‘rarnnr'ta
1626 392 1628 411 .

299 585 300 590 Ν
387 486 575 596 parcellae
612 507 734 570 tetrae
769 487 1033 572 Dominicalis
1061 485 1232 570 Manerii
1260 488 1308 569 de
1333 485 1474 600 Chelsey
1497 483 1703 596 praedicta,
1731 510 1781 566 ae

287 668 291 684 ι
386 649 511 731 nuper
552 624 710 704 fuerunt
743 623 911 732 parcella
955 599 1229 731 possellionum
1266 621 1455 703 Iohannis
1492 622 1617 727 nuper
1649 617 1778 701 Ducic

227 777 232 788 ·
330 755 340 786 l
385 754 720 853 Northumbriae3
747 775 786 840 et
810 783 910 871 quae
940 785 1064 864 nuper
1086 783 1155 866 pet
1174 754 1531 864 praechatillimum
1551 759 1681 835 avum'
1701 781 1776 835 uo-

382 887 505 970 strum
526 893 660 972 beatae
680 890 892 974 memoriae
912 889 1102 979 Iacobum
1127 891 1293 1000 Regem,
1321 917 1389 998 per
1417 889 1575 970 Litetas'
1598 885 1682 997 suae
1696 915 1776 996 pa·
1907 898 1908 903 '

381 1041 522 1122 tentes,
566 1009 744 1134 gerentes
781 1026 920 1117 datum
962 1025 1066 1133 apud
1100 1022 1500 1105 westmonasterium
1531 1023 1671 1105 oslavo
1708 1021 1783 1102 die

379 1155 484 1240 Maii
512 1185 616 1240 anno
644 1158 756 1268 regni
789 1158 845 1240 sui
866 1159 1037 1268 Angliae
1069 1159 1206 1240 osiaco
1235 1177 1274 1239 et
1301 1157 1449 1240 Scotiae
1476 1155 1776 1267 quadragesimo

378 1291 509 1391 tertio,
540 1292 713 1376 concessa
746 1295 907 1376 fuerunt
938 1313 1006 1375 aut
1036 1291 1277 1376 mentionata
1309 1293 1383 1372 else
1409 1289 1582 1375 concessa
1600 1292 1774 1398 Praepo-

377 1423 451 1508 fito
466 1445 505 1534 et
524 1426 646 1512 Sociis
673 1429 848 1540 Collegii
877 1425 999 1538 Regis
1020 1429 1150 1510 Iacobi
1188 1426 1231 1506 in
1250 1426 1393 1537 Chelsey
1411 1454 1532 1534 prope
1551 1426 1700 1509 Lindon
1719 1456 1774 1509 ex

376 1560 605 1656 fundatione
625 1562 799 1674 ejusdem
827 1560 961 1645 Iacobi
978 1560 1096 1671 Regis
1116 1560 1299 1670 Angliae‚
1329 1581 1368 1642 et
1386 1557 1660 1641 successoribus
1688 1561 1772 1646 suis

288 1689 291 1708 '
374 1693 415 1776 in
449 1717 710 1806 perpetuuma
736 1696 1215 1802 tenendumdeptaefato
1234 1695 1376 1777 Iacobo
1396 1693 1591 1804 Rege,<ut
1610 1695 1658 1778 de
1676 1725 1766 1778 mn·
1882 1727 1887 1740 ·

346 1829 349 1838 ’
373 1829 482 1932 nerio
507 1830 577 1913 suo
601 1830 649 1916 de
669 1831 765 1940 East
782 1831 1014 1914 Grrenwich·
1028 1832 1072 1912 iu·
1087 1827 1478 1922 comitatuCantiae,
1508 1856 1575 1938 per
1593 1828 1767 1918 fidet-ira«-

370 1983 456 2046 tem
469 1981 643 2062 tantum,
672 1965 716 2046 in
735 1966 858 2048 libero
872 1985 911 2048 et
931 1963 1138 2050 cummuni
1165 1963 1358 2074 soccagio,
1384 1981 1425 2046 et
1449 1987 1531 2044 non
1558 1963 1764 2072 in‘capitep

369 2123 443 2180 nec
461 2125 529 2208 per
542 2097 748 2186 ⁴servitium
768 2101 937 2184 militare
949 2106 984 2210 ς)
1002 2103 1072 2180 'Ac
1090 2099 1213 2182 etiarn
1228 2097 1365 2180 omnia
1383 2114 1422 2179 et
1440 2095 1591 2207 singula
1618 2100 1770 2182 domus-

370 2233 543 2318 aedificia
574 2234 783 2318 structu-ras
802 2234 935 2318 boscos
959 2234 1168 2318 subboscos
1189 2209 1370 2328 arboreus
1385 2259 1434 2312 ac·
1455 2249 1595 2314 totam·
1613 2250 1768 2316 terram

253 2397 256 2403 ·
369 2369 540 2480 sundum
574 2388 616 2451 ct
644 2367 786 2452 solum«
801 2369 1022 2452 eorundem
1053 2370 1260 2450 hoscorum
1291 2365 1568 2449 subboscotum
1586 2385 1626 2448 et
1645 2371 1760 2452 arbo·

367 2503 471 2597 tum,
494 2499 693 2586 ato-omnin
710 2500 786 2584 alia
807 2502 897 2612 jura
908 2500 1194 2612 jurisdictiones
1222 2500 1452 2583 franchesras
1479 2501 1683 2613 privilegia
1709 2503 1758 2586 li·

337 2730 340 2734 ,
365 2637 532 2718 bertates
563 2634 738 2744 proficua
763 2637 1063 2722 commoditates
1082 2634 1311 2746 advantagia
1329 2636 1600 2718 emolumenta
1618 2656 1657 2719 et
1685 2636 1765 2720 he·
1907 2682 1908 2697 i

245 2810 251 2862 ;
364 2753 622 2854 reditamenta
649 2771 777 2854 nostra
810 2799 1095 2886 quaecunque·
1110 2792 1208 2854 cum
1234 2798 1375 2854 eorum
1400 2771 1644 2878 pertinentiis
1662 2773 1762 2854 uni»
1843 2756 1847 2761 ’

362 2906 490 3007 uersas,
521 2907 787 3027 cujuscunque
805 2909 878 2991 snit
896 2908 1051 3020 generis
1068 2925 1229 2989 naturae
1244 2904 1310 2986 seu
1334 2903 1484 3015 speeiei,
1511 2905 1577 3003 scu
1595 2907 1765 3020 quibus«

363 3066 519 3152 cunque
539 3042 767 3126 nominibus
791 3041 965 3127 sciantur
981 3041 1208 3124 censeantur
1221 3059 1499 3148 nuncupentur
1516 3040 1589 3123 seu-
1601 3070 1755 3154 cogno·

323 3173 326 3183 ’
358 3151 530 3272 scantur,
561 3176 701 3258 fituata
708 3176 878 3287 jacentia
896 3175 1158 3262 etexia‘ientiaa
1180 3173 1454 3284 proueniuntie
1469 3176 1764 3262 crescentiam·

302 3339 305 3344 *
359 3308 546 3426 novantia
579 3310 661 3394 sve
686 3313 928 3424 emergentia
955 3311 1056 3394 insta
1086 3309 1320 3393 comitatum
1342 3308 1456 3390 villae
1486 3338 1644 3420 campos
1662 3313 1761 3396 loca

358 3444 434 3527 save
467 3445 661 3560 hamletas
679 3450 895 3557 praedicta,
926 3450 989 3530 vel
1027 3445 1120 3529 alibi
1149 3445 1395 3555 ubicunque,
1415 3445 1617 3557 praedisiis
1636 3447 1761 3532 terrie

357 3598 398 3663 et
426 3582 592 3665 caeteris
617 3583 825 3692 praemissus
853 3584 917 3684 vel
947 3582 1066 3666 alicui
1086 3582 1178 3664 inde
1209 3581 1397 3690 parcellae
1434 3607 1597 3691 quoquo
1627 3583 1761 3666 modos

265 3719 268 3722 ’
357 3715 591 3822 speetantiaa
604 3729 606 3732 ’
621 3717 792 3802 Necnon
825 3719 1088 3800 reversionem
1100 3732 1140 3798 et
1159 3715 1390 3797 teverfiones
1407 3714 1592 3798 omnium
1610 3733 1651 3798 et
1668 3715 1756 3798 snt·-

357 3851 548 3960 gulorum
581 3850 883 3960 praemissorum
906 3851 1080 3962 supernis
1111 3863 1188 3959 pcc·
1212 3849 1430 3958 praesentes
1459 3845 1756 3958 praeconcelso--

355 3973 463 4082 rut'n,
490 4001 534 4064 et
559 3985 759 4095 cujussibet
784 3985 886 4070 inde
898 3988 1102 4098 portellae,
1132 3984 1400 4094 dependentes.
1419 3985 1488 4066 vel
1499 3987 1756 4095 expectantes·

352 4119 400 4200 de
419 4117 461 4201 in
480 4121 549 4202 vel
564 4122 675 4229 super
702 4123 883 4235 aliquam
907 4122 1173 4206 dtmiffionem-
1187 4121 1253 4204 vel
1271 4119 1562 4203 concessionem
1574 4149 1654 4229 pro.-
1665 4140 1766 4204 ter-·

351 4254 471 4336 mino·
482 4255 547 4336 vel
565 4254 744 4338 terminis
763 4259 865 4341 vitae
883 4258 946 4341 uel
964 4257 1135 4340 vitarum
1152 4258 1217 4338 nel
1236 4282 1453 4354 annorum,
1477 4273 1544 4337 aut
1563 4254 1676 4339 aliter
1694 4256 1772 4338 de·-

350 4387 559 4498 praemiffis
592 4389 770 4502 superius
795 4420 864 4502 per
895 4391 1109 4501 praesentes
1142 4390 1416 4508 praeconcesiis
1448 4389 1511 4473 seu
1544 4390 1749 4502 dealiqua·

350 4523 442 4610 inde
473 4527 640 4638 parcella
667 4556 828 4640 quoquo
846 4528 970 4614 modo.
985 4527 1155 4641 fassam,
1177 4516 1413 4617 existentem.
1425 4527 1472 4610 de
1495 4527 1748 4646 recordo·vel

721 4690 749 4770 t
1651 4687 1744 4748 uon
